4638 6176
85 295 155 371 sss
326 373 329 380 ,
815 283 1139 372 cannmnu
1189 283 1401 366 utn.111.
2043 288 2120 364 ssa
2211 231 2222 252 ⁸

79 463 121 540 Et
139 463 300 536 latebrae
316 463 420 534 nobis
435 463 641 535 subeundae
655 457 812 542 Ecclesia
830 464 905 534 sola
920 479 983 552 est,
1125 459 1237 531 Pestis
1253 457 1450 554 Agrippina
1464 484 1545 532 cum
1561 477 1778 554 grassaretur
1791 465 1830 536 in
1844 467 1934 540 urbe

126 567 170 638 ln
186 591 257 662 qua
273 563 457 655 Evangelii
474 569 639 656 dogmata
657 589 746 658 pura
762 579 901 636 sonant.
954 561 961 570 ’
1174 561 1318 656 Eripuit
1334 587 1457 634 saevae
1473 589 1621 658 corpora
1637 568 1748 638 multa
1767 569 1857 641 neci.

81 671 238 764 Namque
256 669 351 740 Deus
366 669 492 740 transit
510 693 572 760 per
588 667 721 737 Mundi
736 668 854 739 secula
869 683 1005 750 cuncta,
1128 661 1165 734 ld
1183 659 1348 736 meritum
1365 666 1456 758 grati
1471 668 1563 736 cives
1580 670 1792 756 meminere,
1817 671 2007 768 feruntque
2026 687 2032 696 '

127 770 177 844 Ut
196 785 316 842 coetus
331 771 471 864 aliquos
487 773 608 860 iungat
625 785 659 842 et
675 771 748 860 ipse
765 770 846 842 sihi.
1174 765 1226 838 Ac
1243 781 1353 838 artem
1371 770 1517 842 laudant
1532 770 1758 865 officiumque
1774 773 1855 844 viri.

78 875 147 947 Nec
163 897 273 966 genus
288 867 484 944 humanum
500 875 597 966 quod
611 872 727 962 imago
744 873 869 944 debuit
883 897 958 944 esse
1122 864 1278 940 Dotibus
1293 865 1349 940 his
1364 872 1471 942 tantis
1485 885 1599 942 castos
1612 874 1804 966 adiungere
1819 901 1947 958 mores,
1990 919 1993 926 ·
2080 889 2085 904 ·

125 979 301 1049 Antorem
319 977 496 1062 reserens,
520 997 627 1045 omne
644 975 764 1066 purire
776 975 873 1045 sinit.
1171 969 1220 1044 Et
1234 974 1372 1044 studuit
1387 999 1469 1044 vera
1485 989 1602 1044 mente
1619 975 1743 1047 timere
1759 977 1888 1050 Deum.

77 1079 248 1172 Quosque
257 1080 326 1148 sibi
336 1079 510 1162 adiunxit,
533 1077 625 1148 locat
636 1101 708 1148 nno
722 1077 760 1146 in
771 1077 1070 1164 vertirecunctos,
1121 1069 1217 1145 Huic
1240 1087 1359 1146 tamen
1382 1077 1535 1147 extincto
1558 1077 1728 1172 quidam,
1752 1081 1814 1174 qui
1838 1081 1966 1174 templa
1984 1081 2113 1175 guber-

122 1181 237 1252 Nemo
251 1182 354 1254 illum
371 1206 411 1250 ex
428 1181 497 1250 alia
511 1203 654 1250 cernere
668 1183 750 1248 sede
768 1193 893 1272 potest.
1635 1195 1734 1266 nant,
1878 1155 1884 1194 ι

75 1283 124 1355 Ηί
142 1309 264 1354 vocem
283 1299 496 1374 agnoscunt,
518 1298 553 1352 et
568 1283 656 1352 lacta
672 1281 828 1372 ingentia
846 1285 1001 1366 dextrae,
1172 1275 1255 1348 lura
1271 1280 1472 1372 sepulturae
1486 1293 1606 1352 sancta
1621 1281 1810 1380 locumque
1825 1302 1965 1376 negant.

125 1385 421 1480 praesentemque
438 1385 561 1456 vident
575 1409 714 1476 semper
729 1387 850 1453 adesse
867 1383 996 1456 Deum.
1120 1379 1200 1452 Nou
1217 1381 1338 1475 aliquo
1355 1385 1459 1454 talem
1477 1385 1606 1455 meruit
1623 1407 1688 1478 pro
1703 1387 1852 1457 crimine
1870 1413 2031 1480 poenam,

75 1489 341 1582 Expectantque
355 1489 442 1558 olim
458 1501 629 1558 venturae
645 1487 772 1576 gaudia
791 1486 894 1573 vitae,
1171 1483 1241 1554 Sed
1260 1487 1357 1578 quod
1374 1483 1467 1556 Vera
1482 1483 1551 1558 Dei
1567 1488 1661 1558 iussa
1678 1489 1852 1580 protessus
1866 1506 1953 1568 erat.

124 1587 173 1662 Et
185 1593 281 1662 bona
297 1615 387 1686 quae
403 1591 504 1660 nullo
519 1605 602 1660 sunt
616 1589 770 1681 peritura
780 1590 856 1676 die.
1121 1584 1204 1658 Sola
1220 1587 1305 1656 novi
1318 1587 1386 1659 fuit
1404 1589 1503 1658 iratis
1518 1584 1605 1660 haec
1619 1613 1723 1660 causa
1738 1591 1882 1675 luroris,

77 1691 181 1764 Tunc
197 1719 263 1764 nce
276 1707 381 1764 erunt
396 1692 607 1763 discedentis
624 1692 767 1780 vestigia
784 1705 935 1774 tantum,
1169 1688 1252 1758 Non
1266 1685 1455 1780 Evangelii
1469 1691 1605 1762 lumina
1622 1693 1715 1762 ferre
1730 1703 1877 1788 queubt,

123 1795 199 1866 Nec
212 1799 351 1866 tantum
367 1785 471 1884 longe
486 1808 581 1883 terga
597 1793 749 1862 videnda
767 1791 850 1862 Dei:
1120 1789 1201 1860 Huc
1220 1792 1327 1880 igitur
1342 1789 1506 1862 Bonnam
1522 1818 1651 1886 corpus
1668 1799 1871 1868 venerabile
1885 1794 2036 1874 Rhenus

76 1897 142 1970 Sed
163 1899 303 1988 fulgore
317 1922 412 1967 novo
431 1896 575 1990 propius
589 1895 824 1986 spectabimus
839 1917 914 1980 ora,
1170 1891 1309 1964 Detulit
1323 1895 1480 1965 adversis
1497 1895 1674 1966 officiosus
1691 1899 1803 1992 aquis.

122 1997 316 2096 Colloquio
331 2000 474 2069 dabitur
487 2012 727 2090 perpetuoque
743 1998 826 2070 lrui.
849 2065 851 2072 ,
1118 1993 1165 2066 Et
1182 1997 1289 2065 lunns
1305 2021 1433 2086 magno
1448 1998 1618 2088 gemitum
1633 2023 1713 2068 cum
1728 2002 1872 2075 duceret
1888 1999 2032 2093 isthinc,

75 2101 234 2174 Arcanas
248 2127 369 2174 causas
384 2103 541 2194 iuspecto
557 2101 654 2170 sonte
668 2099 830 2184 sciemus,
1171 2095 1313 2168 Dicitur
1328 2123 1348 2168 a
1364 2095 1556 2194 lachrymis
1574 2099 1786 2172 intumuisse
1799 2107 1883 2180 suis.

123 2201 173 2276 Et
187 2219 305 2296 gratae
320 2215 454 2274 mentes
471 2227 618 2274 munera
635 2215 729 2273 tanta
748 2213 886 2280 canent,
1119 2200 1190 2272 Sed
1205 2223 1305 2270 meus
1321 2225 1401 2272 cara
1414 2199 1511 2286 Deo,
1536 2203 1632 2296 quod
1649 2227 1710 2296 spe
1726 2207 1887 2302 votisque
1899 2209 2037 2302 petivit,

74 2307 214 2381 Interea
229 2309 332 2379 bellis
345 2309 547 2380 lacerantur
560 2328 686 2395 regna,
712 2327 863 2398 suasque
1170 2301 1275 2374 Nunc
1291 2303 1424 2376 fruitur
1438 2305 1541 2376 vultu
1556 2304 1709 2376 maxime
1722 2302 1865 2382 Christe
1881 2325 1954 2384 tuo.

130 2409 174 2480 ln
190 2434 318 2502 poenas
333 2411 406 2481 fato
424 2410 580 2478 mrrudus
592 2407 725 2500 ubique
743 2408 825 2480 ruit.
1687 2412 1696 2440 ³

74 2511 129 2584 Ac
144 2515 240 2584 velut
255 2513 403 2602 aggestis
419 2511 578 2606 Tytanas
592 2510 775 2581 montibus
792 2527 906 2586 ausos,

126 2617 184 2686 Ad
200 2617 387 2686 sublimem
404 2628 526 2686 areton
542 2615 709 2682 scandere
724 2612 816 2681 fama
833 2612 951 2694 refert,
1139 2671 1151 2704 τ

73 2701 301 2812 Conatosqne
317 2717 421 2788 astris
437 2715 617 2799 extinctis,
639 2714 759 2783 omnia
776 2734 898 2783 rursus
1119 2673 1299 2799 Q
1931 2693 2103 2812 Q

127 2819 171 2892 ln
186 2835 288 2894 vetus
304 2833 338 2890 et
355 2843 499 2890 coecum
514 2831 650 2888 vertere
664 2816 772 2886 mixta
789 2811 911 2884 chaos:

73 2923 229 2996 Turrita
242 2923 293 2994 sic
306 2923 422 2992 rabies
436 2921 566 3014 passim
582 2941 654 2989 sese
670 2918 779 3009 impia
794 2919 912 2988 iactat:

123 3023 307 3098 Adversus
322 3038 467 3114 gnatum
487 3023 577 3093 bella
593 3044 736 3090 movere
751 3017 836 3090 Dei.¹
1299 3048 1545 3144 Epitaphium
1565 3053 1716 3146 Cleopes
1741 3055 1791 3132 νο
1814 3057 1918 3132 pem

75 3127 239 3224 Denique
253 3153 335 3199 cum
350 3127 457 3196 variis
473 3127 654 3218 quatiatur
668 3123 825 3193 motibus
841 3116 965 3205 Orbis,
1789 3079 1815 3155 9
1920 3107 1932 3132 '
2008 3153 2010 3162 ⁴

125 3229 303 3302 Exercent
315 3225 450 3300 Christi
467 3229 577 3298 multa
593 3225 721 3318 pericla
738 3247 890 3315 gregem.
1119 3219 1263 3308 Frigida
1281 3217 1319 3286 in
1336 3213 1404 3287 hoc
1419 3217 1557 3288 tumulo
1574 3215 1712 3290 Mariae
1728 3235 1811 3292 sum
1828 3247 1905 3294 ossa
1921 3231 2069 3322 sepulta,

71 3336 145 3410 Sed
163 3349 283 3404 tamen
300 3329 365 3402 hos
382 3333 475 3400 inter
490 3345 661 3412 terrores,
689 3325 829 3418 lataque
847 3325 973 3396 mundi
1171 3321 1273 3410 Quae
1289 3321 1407 3390 iuncta
1422 3317 1553 3412 Cleope
1569 3323 1715 3393 nomine
1731 3325 1823 3396 dicta
1838 3327 1917 3400 tuis.

125 3435 256 3508 Dextra
274 3435 352 3529 pios
367 3447 487 3506 coetus
501 3429 654 3525 protegit
668 3429 743 3522 ipsa
757 3429 839 3500 Dei.
1119 3423 1237 3516 Digna
1265 3422 1411 3516 quidem
1434 3418 1503 3492 hoc
1523 3421 1648 3510 titulo,
1686 3451 1775 3520 quae
1794 3453 1911 3501 mores
1932 3433 2006 3525 ipsa
2028 3457 2112 3528 pro·

1636 3527 1725 3598 fessa
1743 3541 1808 3615 est,

1171 3625 1346 3718 Exemplo
1359 3622 1510 3718 Cleopes
1523 3650 1677 3718 congrua
1696 3631 1766 3701 vita
1782 3634 1863 3706 fuit.

1121 3731 1346 3823 Supplicium
1362 3731 1506 3822 quando
1523 3753 1588 3822 pro
1605 3731 1709 3800 nobis
1725 3728 1890 3807 Christus
1904 3739 2029 3827 obivit,

73 3833 254 3908 Nason·
896 3847 944 3888 ³¹¹·
962 3825 1057 3890 ¹⁵4³·
1173 3832 1355 3924 Sanguine
1369 3845 1409 3901 ut
1423 3831 1584 3904 ablueret
1597 3833 1747 3904 crimina
1765 3853 1884 3910 nostra
1901 3861 1978 3927 suo,

76 3929 256 3962 Μ
890 3913 1063 3944 m
1123 3937 1229 4010 Tunc
1245 3933 1378 4024 Cleope
1396 3945 1564 4002 moestam
1581 3935 1742 4006 comitari
1758 3953 1811 4010 est
1824 3965 1908 4012 ausa
1925 3965 2097 4034 sororem,

143 4052 229 4130 Apud
250 4049 377 4107 vincent.
395 4067 421 4124 p.
432 4049 494 4102 240.
1175 4037 1272 4108 Vicit
1286 4035 1511 4126 enimpteus
1524 4061 1606 4106 vera
1624 4038 1779 4134 fidesque
1794 4058 1939 4116 metum.

71 4211 325 4310 Epitaphium
369 4205 551 4282 (liberti
602 4201 771 4300 Lougoi
780 4205 815 4274 st
821 4251 838 4287 ,
892 4201 1073 4274 Doctoris
1123 4133 2090 4338 Ειδ’ἓὲἲὲᾘᾝῖἰᾞὲἓῑὲΐεζξῗίἑυῗῖθὲἷδῐωῐῃ,

93 4315 515 4492 Μθᾶἰθαθιέῗὲὴοψὶ
536 4315 716 4431 wilm·
729 4312 785 4376 ‘lt
805 4301 843 4376 d·
867 4298 932 4376 3⁰·
946 4306 1047 4376 Maii
1125 4346 1185 4420 Sic
1198 4343 1330 4434 Cleope
1344 4366 1458 4432 nuper
1474 4344 1612 4414 tumulo
1630 4369 1720 4438 quae
1734 4347 1902 4418 conditur
1918 4349 1997 4440 isto,

385 4465 396 4486 ·
449 4416 594 4486 ⁰l⁰ml¹⁰
621 4410 867 4506 Adlll'l'mae·
1176 4445 1241 4520 Est
1255 4443 1492 4535 Evangelium
1509 4457 1625 4515 mente
1638 4448 1794 4537 professa
1810 4471 1886 4534 sua,

75 4574 159 4646 lloc
173 4568 306 4660 tegitur
320 4563 412 4636 Saxo
430 4558 573 4632 Giberti
589 4579 718 4648 corpus
734 4555 852 4639 inane,
1124 4549 1198 4623 Nec
1213 4547 1339 4618 metuit
1358 4547 1506 4629 rabiem,
1533 4560 1567 4616 et
1585 4547 1777 4637 petulgmpa
1789 4553 1918 4639 probra
1930 4558 2115 4646 malorum,

128 4669 327 4764 Longoliae
341 4665 455 4757 gentis
472 4663 536 4758 qui
554 4660 622 4732 suit
639 4663 728 4728 alter
746 4652 871 4726 lronos.
1178 4649 1251 4740 Qui
1268 4661 1439 4740 spernunt
1452 4648 1545 4738 leges
1559 4647 1692 4738 optime
1706 4645 1846 4723 Christe
1860 4667 1948 4741 tuas,

74 4779 265 4854 Dicentem
281 4767 434 4840 Ausonii
452 4765 535 4834 vivo
552 4759 724 4834 Cicerone
741 4758 963 4851 probassent,
1127 4751 1280 4826 Addidit
1295 4765 1330 4822 et
1346 4761 1459 4820 castos
1474 4771 1613 4841 semper
1628 4751 1705 4822 sine
1718 4753 1866 4824 crimine
1881 4781 2008 4844 mores,

131 4878 272 4950 Tantus
288 4873 327 4942 in
342 4867 477 4962 eloquii
492 4865 640 4935 flumine
655 4862 824 4954 splendor
837 4871 922 4928 erat.
1177 4852 1281 4926 Esset
1293 4867 1334 4924 ut
1352 4851 1552 4943 exemplum
1566 4852 1638 4924 vita
1654 4855 1781 4946 pudica
1798 4856 1912 4928 bonis.

74 4981 129 5056 Et
144 5002 235 5074 quae
251 4974 434 5046 doctrinae
450 4969 565 5040 loutes
582 4979 677 5036 tenet
691 4959 809 5034 Attica
824 4961 960 5052 lingua,
1128 4957 1246 5050 thue
1262 4955 1350 5026 olim
1365 4951 1498 5045 Cleope
1512 4953 1614 5026 solita
1631 4969 1683 5028 est
1698 4957 1830 5028 servire
1843 4961 1973 5049 sorori,

133 5083 195 5154 Sic
210 5078 277 5174 ipsi
293 5091 464 5168 tanquam
478 5069 591 5163 patria
605 5082 690 5138 nota
705 5065 786 5138 tuis.
1179 5055 1320 5130 Officiis
1335 5056 1457 5147 inope,
1469 5055 1559 5126 fovit
1575 5071 1609 5128 02
1623 5058 1697 5148 59„
1715 5059 1794 5150 pig„

79 5185 238 5260 Naturae
253 5179 370 5249 varios
385 5173 511 5246 didicit
526 5185 716 5264 motusque
732 5167 897 5260 vicesque
1128 5161 1225 5252 Ergo
1240 5157 1382 5229 virtutis
1396 5157 1512 5228 cultor
1527 5155 1679 5248 Voglere
1693 5157 1838 5250 Georgi,

132 5283 183 5358 Et
198 5305 288 5380 quae
304 5281 397 5350 loeta
415 5273 605 5347 hominnm
620 5293 770 5342 munera
785 5283 879 5340 terra
894 5267 999 5358 parit.
1181 5261 1237 5336 Te
1253 5261 1316 5334 tali
1330 5261 1495 5332 orbatum
1512 5261 1660 5351 coniuge
1679 5261 1755 5332 iure
1772 5267 1880 5335 date..

77 5388 217 5464 Calluit
231 5399 266 5458 et
281 5382 455 5453 medicam
471 5381 663 5470 dextreqne
678 5371 836 5444 exercuit
849 5381 972 5452 artem,
1130 5363 1234 5458 Quae
1250 5363 1382 5449 forma,
1406 5363 1568 5454 ingenio,
1594 5386 1734 5434 morum
1751 5368 1922 5455 gravitate
1936 5369 2108 5464 placebat,

135 5487 303 5584 Aegrotis
319 5483 446 5558 solitus
462 5479 555 5552 lerre
570 5477 776 5572 frequenter
791 5495 906 5566 opem.
1181 5465 1372 5558 Plagrabat
1387 5467 1489 5538 cuius
1503 5477 1624 5636 peptps
1638 5489 1758 5538 amore
1771 5469 1837 5546 tui,

1187 2887 1271 2963 Apud
1293 2886 1420 2944 tineent.
1437 2906 1465 2957 p.
1483 2888 1542 2948 ¹19.
