4638 6176
238 261 315 340 oss
980 255 1310 338 CARMINUM
1357 262 1466 352 LlB.
1497 267 1569 348 tv.

260 433 325 504 No.
347 435 436 510 881.
612 425 619 436 ’
727 486 734 492 -
1083 469 1212 488 ·····-
1707 447 1778 516 Hoc
1802 464 1868 534 θοις
1989 513 1993 526 .
2112 470 2116 481 “

345 631 369 682 Α
408 625 476 682 ἂν.
549 635 570 683 t
631 623 692 684 m·
1059 527 1233 561 Μ
1342 559 1426 684 Non
1444 587 1550 684 quem
1566 561 1635 635 cibi
1652 561 1779 636 nidum
1795 563 1951 636 volucris
1967 577 2127 640 struxerat

370 646 407 700 μ
467 642 548 685 ⁸⁰⁶⁰
587 644 616 700 θ’
1342 663 1552 761 Relinquit,
1577 677 1684 761 atquc
1702 669 1795 739 cedit
1811 663 1913 738 alteri
1929 665 2033 759 fugax

313 789 452 863 pom
471 791 626 885 pyum
640 789 759 862 tagam
776 793 950 866 mmm
962 787 1167 866 reddum,
1345 762 1438 840 Ovis
1452 779 1493 840 ut
1508 769 1579 886 alia
1589 767 1643 842 ihi
1657 768 1802 844 incubet
1810 769 2031 888 recentibus.

246 941 290 1011 ln
307 939 423 1033 prima
438 949 658 1030 pugnantem
676 937 751 1008 acie
770 937 937 1010 cecidisse
955 939 1124 1014 decorum
1140 949 1209 1020 est,
1801 902 1804 915 Ι

292 1041 502 1114 Servantem
522 1039 658 1134 patriae
674 1039 816 1112 moenia
835 1036 942 1112 chara
960 1064 1055 1112 suae.

245 1141 335 1214 Nam
353 1141 524 1214 miserum
539 1155 591 1212 est
604 1139 719 1236 patria
733 1137 860 1214 amissa
876 1143 1084 1238 laribusque
1097 1139 1217 1234 vagari

1316 1202 1386 1278 No.
1411 1201 1499 1274 888.
1680 1257 1685 1266 .
2121 1243 2167 1260 -·
2185 1244 2224 1258 -

2105 1301 2243 1362 Μ.

1366 1418 1450 1494 Apud
1463 1418 1593 1476 tttncene
1609 1435 1638 1492 p.
1651 1418 1708 1474 1⁵5.
1725 1425 1752 1476 et
1762 1415 1792 1474 iu
1806 1417 1922 1492 Scriptis
1934 1418 2011 1491 publ.
2025 1418 2057 1480 Τ.
2069 1418 2111 1476 lll.
2122 1439 2145 1492 p.
2156 1421 2222 1476 till.

298 1244 529 1330 Mendicum,
554 1259 588 1316 et
600 1242 727 1315 timida
740 1269 827 1316 voce
844 1267 968 1336 rogare
983 1247 1094 1320 cibos.
1298 1299 1509 1332 m

246 1345 338 1422 Cum
357 1348 520 1442 natisque
538 1370 656 1416 errare
671 1346 745 1416 suis
760 1361 794 1418 ει
810 1347 960 1439 coniuge
974 1359 1125 1434 moesta,

299 1447 350 1522 Et
364 1474 446 1521 cum
460 1461 573 1519 matre
586 1449 663 1542 pia,
678 1472 840 1544 ¹cumque
854 1463 1001 1542 parente
1013 1472 1109 1524 sene.

247 1549 1124 1648 ⁰
1291 1600 1408 1734 aa
1424 1597 1655 1776 nup·
1662 1591 1840 1774 {pq
1854 1591 2087 1780 Μ
2102 1599 2243 1695 nlo

248 1757 380 1830 Nullus
390 1751 505 1826 honos
515 1755 636 1846 generi
651 1768 720 1840 est,
745 1768 780 1825 et
789 1756 926 1848 perdita
937 1756 1048 1847 gratia
1058 1755 1172 1826 sorma
1182 1765 1247 1840 est,

300 1857 507 1952 Cunctaque
523 1857 708 1930 tabescunt
723 1857 882 1928 membra
898 1859 1017 1929 dolori
1033 1856 1144 1948 gravi.
1297 1852 1435 1926 Noctua
1450 1852 1545 1923 utin
1560 1852 1678 1942 gelido
1693 1873 1773 1921 cum
1789 1849 1917 1922 nidum
1931 1851 2025 1922 forte
2038 1847 2204 1944 sepulchro

248 1960 361 2036 Curat
376 1983 480 2030 nemo
498 1982 622 2050 vagos,
648 1971 684 2030 et
699 1959 837 2029 laedere
852 1984 958 2030 nemo
975 1973 1133 2046 veretur,
1349 1953 1552 2037 Construit,
1580 1968 1615 2026 et
1629 1977 1772 2024 coecum
1788 1954 1891 2024 foeda
1908 1955 2027 2026 cubile
2045 1967 2148 2026 tenete

298 2063 382 2136 Non
397 2062 479 2133 exul
498 2085 602 2133 curae
617 2061 762 2132 ducitur
778 2084 852 2132 csse
867 2061 957 2132 Deo.
1299 2055 1401 2130 Talis
1415 2059 1483 2128 erit
1497 2051 1676 2128 thalamus
1690 2055 1828 2126 vetulae
1842 2055 2023 2139 mulieris,
2051 2055 2159 2146 egenti

248 2165 427 2258 Intrepidi
443 2176 596 2256 pugnate
614 2163 705 2248 viri,
732 2176 767 2234 ει
779 2163 992 2255 profundite¹
1005 2162 1135 2250 vitam,
1348 2156 1397 2230 Et
1412 2158 1581 2231 deliranti
1595 2179 1685 2254 quse
1700 2157 1792 2228 male
1806 2171 1918 2252 nupta
1933 2159 2013 2230 seni
2028 2173 2088 2230 est.

301 2267 421 2359 Quam
437 2265 572 2359 patriae
587 2265 694 2334 debet
707 2267 858 2334 reddere
874 2266 1024 2359 quisque
1039 2287 1134 2337 suae.

250 2372 366 2444 Nemo
381 2367 492 2439 aciem
507 2367 675 2459 linquens
689 2366 769 2436 aliis
785 2365 831 2438 sit
845 2389 947 2438 causa
966 2367 1127 2459 pavoris,

307 2473 416 2560 lunge
431 2465 624 2560 maniplari
638 2491 785 2558 corpus,
813 2482 848 2539 ει
863 2493 961 2540 arma
976 2483 1051 2542 tuo.

250 2573 466 2666 Ingentique
483 2570 537 2640 ira
553 2570 703 2660 flagrent
718 2570 865 2640 audacia
882 2574 1009 2657 corda,
1323 2605 1391 2678 No·
1412 2600 1501 2678 334¹⁸
2136 2642 2180 2657 -
2196 2637 2231 2654 ,-

304 2676 377 2746 Νεε
394 2674 487 2744 vitae
503 2671 638 2742 nimius
652 2685 792 2763 pectora
811 2670 951 2764 frangat
966 2697 1076 2744 amor.
1242 2672 1246 2682 ’
1306 2702 1520 2744 m
1933 2673 1937 2685 '
2114 2695 2242 2730 νυν

253 2779 329 2852 Nec
346 2775 503 2849 iuvenile
516 2797 643 2866 agmen
658 2775 778 2844 tardos
795 2788 907 2847 aetate
924 2775 1125 2870 relinquat,
1369 2803 1453 2878 Apus
1473 2797 1601 2862 vim
1618 2822 1644 2878 μ
1659 2801 1703 2860 78.
1720 2811 1750 2860 ,2
1766 2803 1796 2859 in
1813 2801 1929 2875 sffipfl,
1946 2801 2025 2875 publ.
2042 2803 2135 2866 1111,
2151 2801 2227 2880 „gg

305 2877 468 2972 Corpora
484 2888 569 2948 sunt
586 2897 740 2970 quorum
756 2875 1000 2966 languidiora,
1025 2899 1140 2954 senes.

255 2982 450 3072 Indignum
468 2993 521 3050 cst
535 2977 646 3048 aciem
661 2991 744 3048 ante
760 2977 886 3048 senilia
901 2981 979 3048 lusa
994 2979 1108 3050 iacere
1611 2983 1672 3054 De
1696 2983 1826 3078 lyricis
1847 2985 1981 3075 potres.

306 3081 489 3174 Corpora,
516 3080 589 3152 iam
605 3079 775 3150 iuvenum
791 3081 1000 3172 diffugiente
1014 3105 1134 3154 manu.

257 3186 342 3276 Quo
369 3183 480 3274 magis
500 3177 569 3253 boc
592 3181 761 3250 miserum
785 3195 837 3252 est
856 3181 896 3252 iu
924 3183 1070 3275 pulvere
1091 3183 1253 3278 linquere

776 3281 904 3370 vitam,

1301 3132 1435 3206 Discite
1448 3133 1619 3208 iustitiam
1634 3135 1781 3223 moniti,
1809 3149 1845 3207 et
1860 3160 1933 3207 non
1947 3149 2107 3208 temnere
2119 3133 2224 3214 Divos,

1351 3234 1442 3306 Nam
1459 3251 1577 3307 sontes
1594 3240 1697 3332 punit
1713 3238 1841 3309 iudicis
1859 3239 1912 3308 ira
1926 3237 2006 3312 Dei.

1301 3335 1398 3410 llaec
1422 3363 1503 3411 cum
1522 3363 1629 3432 regua
1643 3335 1779 3414 canunt
1793 3363 1931 3426 eversa,
1966 3341 2164 3435 ducumque
2184 3337 2248 3408 tun

1829 3465 1902 3528 res,

1352 3539 1549 3636 Scriptores
1567 3543 1671 3639 lyrici
1686 3567 1753 3615 uos
1768 3544 1973 3616 meminisse
1989 3545 2128 3624 iubent.

1301 3642 1479 3718 Pindarus
1498 3641 1585 3717 haec
1601 3644 1728 3717 melius
1743 3643 1885 3742 Cygnea
1900 3671 1984 3720 voce
2001 3649 2164 3732 canebat,

1354 3743 1414 3820 Tu
1427 3763 1546 3820 tamen
1564 3762 1599 3820 et
1615 3746 1734 3820 Flacci
1748 3751 1906 3822 carmina
1920 3773 2025 3844 caepe
2039 3752 2140 3842 legas.

307 3385 455 3461 Canicie
471 3385 568 3480 quod
582 3381 655 3455 siut
671 3383 742 3454 iam
759 3387 961 3456 veneranda
978 3408 1052 3458 sua.

230 3480 233 3488 ’
259 3488 380 3586 Quam
395 3489 497 3562 triste
513 3500 564 3557 cst
579 3486 660 3557 latis
677 3501 832 3580 spectare
851 3489 1000 3560 iacentia
1013 3488 1146 3582 passim

310 3593 453 3664 Nudata
468 3590 506 3660 iu
521 3588 655 3682 campis
669 3589 829 3661 membra
844 3605 989 3662 cruenta
1005 3613 1140 3662 senum.

260 3695 336 3786 Qui
346 3711 549 3787 quanquam
559 3685 725 3761 exhalant
734 3691 881 3778 animas,
895 3693 1085 3764 meminere
1093 3684 1253 3785 pudoris.

311 3794 482 3886 Quasque
499 3794 598 3862 decct
612 3805 727 3884 partes
741 3793 952 3879 occuluisse,
973 3809 1111 3886 tegunt.

259 3896 314 3970 Ac
323 3905 502 3988 cuperant
521 3893 656 3962 formae
675 3893 847 3965 iuvenilia
859 3919 1008 3988 corpora
1025 3893 1129 3982 flore,

303 3995 505 4090 ..ln-quibus
523 4007 557 4065 et
570 3995 683 4066 virtus
698 3996 832 4086 gratior
846 4021 920 4068 esse
935 3999 1035 4070 solet.

262 4099 376 4193 lnquc
393 4098 466 4168 acie
482 4095 646 4168 iuvenem
660 4097 773 4189 prima
789 4121 945 4191 pugnare
960 4102 1127 4171 decorum
1142 4113 1213 4186 cst,
1949 4189 1953 4198 ,

316 4203 425 4292 Signa
441 4200 547 4270 etiam
563 4199 670 4269 decus
685 4214 736 4272 cst
752 4201 781 4269 si
797 4203 897 4274 cadat
914 4215 996 4273 ante
1009 4223 1082 4278 sua.
1328 4195 1397 4274 No.
1415 4196 1503 4274 3⁸6.
2163 4241 2206 4259 ···
2224 4231 2258 4250 ··

262 4299 359 4393 Ergo
377 4317 439 4373 tuo
457 4301 607 4372 consiste
625 4297 703 4372 loco
721 4303 808 4394 pede
825 4303 948 4375 firmus
962 4318 1114 4398 utroque
1310 4296 1525 4336 Μ
2066 4381 2083 4398 ,
2160 4295 2256 4327 “⁴⁸

315 4401 544 4504 Compressos
563 4405 704 4490 dentes,
729 4419 764 4476 et
780 4406 880 4477 labra
896 4429 1014 4478 morsa
1029 4421 1165 4480 tenens.
1372 4401 1457 4472 *9¹¹⁶
1477 4397 1602 4458 Vinoene
1618 4421 1646 4476 P·
1658 4400 1704 4456 ⁷⁸·
1721 4411 1748 4458 ιι
1766 4401 1796 4500 {⁰
1814 4395 1926 4478 scriptis
1944 4408 2023 4480 pult.
2042 4407 2076 4466 T·
2091 4407 2134 4464 ¹¹1
2149 4398 2245 4479 ΡΨ·

264 4617 1250 4677 ...m-„m
1446 4581 1618 4671 Impetus
1639 4583 1810 4673 murcos
1833 4603 1916 4656 esse
1941 4581 2042 4662 donn
2068 4589 2152 4661 Dei.

1305 4724 1492 4800 Humanas
1505 4754 1675 4824 superans
1689 4734 1781 4806 vires
1795 4736 1947 4810 Hernica
1962 4741 2094 4826 virtus,

265 4821 446 4948 Q
1102 4861 1153 4878 -··
1177 4861 1231 4878 -
1357 4831 1464 4903 Tales
1479 4834 1540 4928 qui
1557 4848 1674 4906 motus
1690 4837 1771 4924 dat,
1796 4855 1917 4912 monet
1932 4867 2006 4916 csse
2018 4840 2144 4914 Deum.

719 4932 723 4944 '
1077 4920 1250 4950 Μ
1307 4933 1366 5007 Sic
1381 4935 1486 5004 etiam
1502 4937 1644 5007 ubertas
1659 4937 1842 5012 fundentis
1860 4946 2016 5016 carmina
2033 4969 2140 5031 venae

1358 5031 1446 5107 Esse
1461 5031 1575 5107 Deum
1591 5039 1766 5126 ostendit,
1792 5059 1909 5115 motus
1926 5061 1961 5118 ct
1974 5049 2036 5118 ille
2051 5045 2116 5117 Dei
2130 5059 2184 5118 est.

556 5181 615 5248 ga·
639 5181 761 5250 „epm
811 5185 969 5253 ὓδωρ.
1183 5131 1190 5146 ’
1308 5136 1405 5227 Ergo
1421 5163 1568 5230 agnosce
1583 5138 1719 5228 Deum,
1743 5157 1777 5214 et
1792 5144 1884 5216 iusto
1900 5151 2078 5220 venereris
2094 5145 2229 5226 honore,

783 5201 810 5270 Ρ
1358 5239 1450 5312 Cum
1466 5242 1562 5312 docti
1577 5245 1667 5316 vatis
1683 5245 1813 5340 scripta
1830 5271 1959 5321 sonora
1977 5251 2072 5344 legis.

368 5019 449 5098 Apud
463 5019 590 5075 Vincunt.
609 5034 636 5090 p.
653 5015 711 5072 1⁴9.

322 5324 417 5408 Οὐδ’
447 5321 561 5428 ἀγρία
587 5321 661 5426 γὰρ
689 5324 790 5422 ὄρνις
814 5323 862 5420 ἢν
888 5324 1009 5426 πλάσῃ
1036 5321 1157 5429 δόμον

320 5437 413 5529 ἄλλῃ
437 5425 615 5510 νεοσσοὺς
640 5429 798 5502 ἐντεκεῖν
820 5423 986 5524 ἠξίωσεν.
