4686 6172
90 311 162 399 est
541 325 544 334 ⁴
684 315 1119 416 Quaasrtouus
1155 315 1563 400 Aeauuuucau,
2051 320 2128 396 us
2183 297 2191 308 '

91 499 149 568 dat
175 497 359 594 deinceps,
403 513 438 572 et
464 511 584 569 nostra
620 521 728 592 opera
755 495 893 568 utiliter
918 493 1088 566 inserviat
1136 491 1401 582 nis'deliuitam
1434 495 1656 567 senteutiam.
1715 491 1775 566 Sic
1796 494 1891 564 enim
1917 493 2134 566 Viennensis

91 596 267 672 Ecclesiae
289 617 325 674 et
349 601 483 693 gloriae
504 601 570 671 dlii
592 599 659 673 Dei
669 607 683 687 ‚¹
710 613 745 672 et
770 613 829 669 tua
846 611 1007 670 senectus
1024 623 1087 669 ae·
1137 595 1199 666 ille
1215 621 1377 690 expresse
1391 597 1561 693 loquitur.

92 703 269 798 quiescere
292 705 403 798 possit
426 705 465 774 in
488 705 639 791 nostris,
673 717 706 774 et
725 701 883 777 familiae
905 714 987 772 tuae
1002 701 1083 772 uni·
1239 697 1434 770 Doleamus
1465 701 1596 771 talibus
1623 693 1854 794 blasphemiis
1889 698 2009 790 augeri
2041 699 2132 770 iram

91 829 210 876 versae
225 821 260 878 et
274 809 470 878 amicorum
487 819 631 877 tuorum
644 804 893 876 constantibus
908 804 1035 874 studiis
1052 815 1086 873 et
1136 797 1226 888 Dei,
1251 817 1285 874 et
1306 805 1534 874 ostendamus
1558 825 1616 872 eas
1637 801 1742 873 nobis
1762 801 1969 896 displicere,
1995 827 2035 872 ac
2052 825 2133 896 pre-

90 908 214 980 olhciis
224 911 425 981 domesticis
440 925 473 981 et
487 909 659 996 externis,
678 931 742 978 oro
752 919 935 977 aeternum
944 904 1084 976 Patrem
1137 927 1259 974 cemur
1273 902 1408 990 Deum,
1431 917 1473 976 ut
1486 927 1618 998 poenas
1633 929 1652 975 a
1672 905 1778 975 nobis
1792 919 1938 978 avertat.

89 1007 239 1081 Domini
253 1005 608 1086 nostrilesuChristi.
660 1007 1084 1081 Eundem'orouttediu
1239 1005 1336 1096 Quid
1359 1007 1455 1077 enim
1471 1007 1570 1077 aliud
1593 1021 1701 1098 agunt
1717 1009 1801 1078 isti?
1834 1031 1940 1103 mam
1961 1005 2133 1077 utdeleta

87 1108 267 1186 Ecclesiae
289 1137 373 1186 suae
394 1127 429 1186 et
452 1114 557 1186 uobis
582 1111 760 1184 universis
787 1123 988 1196 conservet,
1023 1109 1085 1204 qui
1137 1133 1222 1178 voce
1238 1111 1359 1181 divina
1384 1113 1837 1204 eoncedaturpotentibus,
1861 1125 1901 1184 ut
1920 1111 1960 1180 in
1973 1103 2134 1178 Bedesis

88 1237 181 1286 uuus
206 1213 271 1286 hac
289 1229 401 1290 aetate
423 1231 457 1288 et
480 1211 536 1286 liis
563 1216 699 1286 viribus
719 1209 864 1284 cohibes
889 1213 1084 1284 multorum
1137 1211 1446 1304 collocent-Idola,
1472 1225 1507 1282 et
1523 1213 1659 1304 fingant
1680 1216 1843 1306 dogmata
1860 1215 2020 1295 utlibet,
2042 1210 2133 1282 sicut

88 1315 371 1409 improbitatem,
397 1341 550 1414 quorum
574 1320 603 1388 si
621 1319 683 1412 qui
705 1330 789 1387 sunt
803 1316 1086 1408 impotentiores,
1136 1315 1296 1385 fecerunt
1326 1311 1651 1401 Naboehdouosor,
1684 1313 1907 1404 Antiochus,
1939 1308 2133 1388 Mahome-

87 1442 211 1490 eorum
227 1422 329 1492 luror
343 1443 532 1513 erumpens
547 1434 580 1491 et
595 1421 669 1514 ipse
684 1441 758 1490 sese
772 1417 951 1502 retundit,
975 1433 1009 1488 et
1022 1441 1086 1510 per
1136 1429 1194 1486 tus
1208 1429 1241 1487 et
1257 1417 1329 1490 alii.
1389 1416 1451 1489 Sic
1466 1420 1664 1489 defenduut
1686 1413 1755 1490 hoc
1772 1433 1930 1513 tempore
1944 1416 2132 1488 Pontificia

86 1534 121 1594 tc
136 1521 182 1594 ab
199 1519 359 1595 Ecclesia
374 1521 528 1606 Christi,
555 1523 584 1592 si
609 1524 681 1592 vita
706 1520 958 1613 suppeditarit,
982 1519 1085 1590 facile
1137 1515 1236 1588 Idola
1254 1521 1426 1610 plurima,
1453 1521 1535 1614 quia
1551 1521 1775 1594 autoritatem
1793 1521 2015 1595 Pontificiam
2032 1531 2134 1590 ante-

85 1623 348 1715 prolligabitur.
399 1623 553 1720 Reliqua
565 1626 730 1718 precibus
745 1623 815 1694 tuis
828 1621 1085 1692 ardentissimis
1135 1621 1256 1693 lerunt
1273 1623 1444 1714 expressis
1459 1621 1526 1694 Dei
1542 1625 1733 1696 mandatis.

84 1749 103 1795 a
126 1727 233 1797 nobis
255 1743 439 1810 areentur,
473 1751 563 1822 quae
585 1753 650 1820 pro
672 1723 852 1812 Ecclesia,
883 1721 1085 1816 Republica
1239 1723 1383 1814 Quaero
1401 1725 1524 1815 igitur:
1552 1720 1611 1794 Ars
1628 1748 1760 1795 norma
1776 1719 1909 1797 iudicii
1921 1725 1970 1798 sit
1986 1721 2133 1795 verdum

82 1839 116 1900 et
143 1830 284 1921 privata
309 1831 421 1901 salute
448 1843 568 1900 nostra
599 1831 784 1902 excubant.
862 1824 1084 1898 Commendo
1135 1820 1232 1912 Dei,
1260 1849 1312 1895 nu
1337 1849 1417 1897 vero
1439 1821 1660 1924 Pontificum
1684 1827 1896 1900 autoritas?
1945 1827 2133 1900 Deindeet

80 1945 200 2002 autem
230 1947 265 2004 et
286 1943 385 2002 tuam
409 1945 445 2002 et
467 1932 628 2002 omnium
652 1921 814 2002 nostrum
838 1929 986 1999 salutem
1011 1929 1084 1998 tilio
1136 1929 1371 2025 deSynodisc
1406 1923 1452 2003 V
1447 1926 1623 2000 aleaume
1648 1953 1775 2004 aarum
1799 1931 2001 2004 sententiae
2023 1939 2134 2002 auto-

82 2029 153 2103 Dei
176 2033 338 2105 Domino
364 2047 487 2106 nostro
513 2033 591 2104 lesu
613 2029 778 2119 Christo,
805 2032 943 2104 custodi
959 2027 1084 2103 Eccle-
1137 2031 1245 2102 ritate
1257 2026 1383 2126 Regia
1402 2055 1464 2103 reu
1477 2033 1693 2128 praetoria?

83 2135 158 2204 siae
178 2157 281 2220 suae,
313 2135 376 2229 qui
399 2159 436 2208 se
459 2149 553 2207 certo
579 2137 773 2207 offecturum
791 2137 896 2206 nobis
911 2147 946 2205 et
961 2135 1086 2205 deien-
1239 2135 1292 2214 Ac
1302 2135 1457 2228 primum
1467 2153 1713 2229 argumentor,
1729 2136 1900 2208 Normam
1915 2138 2132 2208 iudiciorum

83 2259 210 2306 surum
237 2259 304 2308 nos
326 2239 490 2330 promisit
509 2241 676 2310 adversus
699 2241 855 2324 furores,
887 2237 1037 2307 insidias
1050 2249 1087 2308 et
1136 2253 1301 2330 oportere
1322 2261 1396 2312 esse
1422 2240 1551 2332 scripta
1577 2235 1789 2332 Prophetira
1815 2253 1850 2312 et
1875 2237 2079 2334 Apostolica
2097 2253 2133 2312 et

83 2336 335 2432 Tyranuidem
359 2338 522 2425 Diaboli,
555 2342 645 2413 sieut
669 2343 776 2412 dixit:
810 2338 883 2412 Ero
901 2341 1083 2412 vobiscum
1135 2341 1325 2436 Symbola,
1368 2343 1452 2435 quia
1488 2365 1648 2436 expresse
1673 2344 1845 2436 seriptum
1872 2339 1943 2416 estc
1987 2342 2134 2438 Siquis

82 2445 265 2534 usquead
288 2444 630 2514 consummationem
654 2445 774 2517 seculi.
835 2441 939 2514 ltem:
972 2442 1084 2512 Nemo
1136 2445 1235 2513 aliud
1270 2439 1505 2534 Evangeliurn
1538 2445 1812 2536 praedicaverit,
1853 2441 2040 2518 anathema
2074 2446 2134 2516 sit.

81 2539 198 2634 rapiet
215 2567 300 2614 oves
315 2567 411 2616 meas
424 2569 466 2616 ex
481 2547 648 2616 manibus
663 2547 764 2616 meis.
816 2542 911 2614 Dixi.
1135 2545 1242 2614 ltem:
1283 2542 1430 2638 Siquis
1459 2567 1534 2616 uon
1557 2560 1678 2617 manet
1708 2547 1748 2616 in
1781 2549 1941 2620 doctriua
1974 2536 2133 2632 Christi,

1134 2641 1250 2714 Deum
1272 2669 1346 2714 non
1371 2639 1486 2718 habet.
1604 2671 1610 2680 ·

1236 2745 1439 2840 Loquimur
1459 2762 1577 2820 autem
1605 2751 1650 2820 de
1673 2751 1804 2844 scripto
1826 2753 1903 2824 sine
1929 2748 2133 2846 Sophistiea

83 2881 153 2958 No·
174 2879 238 2957 75·
891 2912 941 2955 m·
964 2887 1059 2953 1500·
1135 2849 1338 2936 intellecto,
1369 2875 1410 2922 ac
1433 2851 1591 2923 nativam
1615 2853 1825 2926 sententiam
1852 2857 1998 2926 retineri
2028 2857 2134 2927 volu-

87 2981 228 3008 m
865 2979 1078 3017 κον-υ
1135 2977 1233 3044 mus,
1260 2977 1335 3024 uon
1349 2954 1470 3046 affingi
1486 2955 1688 3026 barbaricas
1710 2969 1773 3028 aut
1787 2953 2006 3050 Sophistieas
2021 2959 2133 3030 inter-

154 3083 189 3138 tn
206 3081 337 3138 oration.
351 3081 384 3138 Τ.
399 3077 434 3142 v.
445 3101 475 3155 p.
488 3083 541 3139 22⁵
556 3104 598 3158 sq.
628 3081 755 3142 metant
772 3081 806 3142 T.
824 3081 870 3140 su.
894 3101 922 3156 p.
935 3082 996 3140 att.
1015 3093 1042 3138 er
1055 3081 1084 3136 in
1135 3056 1350 3149 precationes
1372 3071 1570 3149 pugnantes
1594 3083 1674 3128 cum
1692 3059 1888 3152 perspicuis
1906 3061 2133 3146 testimoniis,

189 3151 375 3208 ⁰¹⁸¹³⁰¹¹³b⁸¹
389 3153 539 3226 postremis
555 3175 583 3227 a·
597 3155 660 3211 Μ·
1135 3181 1226 3254 quae
1237 3171 1356 3230 extant
1374 3160 1411 3228 in
1429 3161 1568 3266 sgriptis
1583 3155 1806 3255 Propheticis
1820 3175 1855 3234 et
1869 3159 2096 3258 Apostolicis.

1236 3260 1328 3331 Nam
1352 3261 1607 3355 Anabaptistae
1629 3278 1665 3335 et
1691 3265 1842 3348 similes,
1876 3291 1950 3339 non
1976 3268 2133 3339 retinent

1134 3365 1285 3458 scripta,
1311 3365 1449 3434 etiamsi
1466 3367 1572 3438 verba
1588 3367 1807 3439 calumniose
1828 3371 1872 3441 ad
1890 3391 1970 3441 suas
1987 3383 2132 3463 porten-

1134 3468 1716 3560 tosasopinionesareommodsnt3
1736 3495 1817 3540 uarn
1825 3469 2046 3544 hsecverba:
2062 3465 2131 3542 Da

79 3557 200 3645 Scitis
215 3589 286 3638 uos
297 3591 372 3639 nou
389 3569 516 3640 liducia
531 3569 667 3661 ingenii
684 3583 744 3642 aut
758 3571 990 3658 surditionis,
1015 3567 1085 3642 hue
1134 3568 1240 3642 omni
1260 3569 1416 3668 petenti,
1450 3595 1526 3642 uon
1544 3585 1709 3644 evertunt
1729 3573 1993 3647 distinctionem
2011 3577 2131 3646 domi-

76 3677 122 3746 ad
139 3673 340 3744 dicendum
363 3673 526 3764 prodire,
551 3675 609 3742 sed
633 3673 749 3763 legum
766 3675 969 3754 autoritati,
995 3699 1085 3769 qua·
1134 3675 1297 3758 uiorum,
1337 3698 1428 3768 quae
1461 3675 1550 3744 alibi
1584 3675 1780 3768 perspicuis
1819 3679 1937 3750 verbis
1971 3701 2131 3770 expresse

75 3803 157 3850 rum
186 3772 364 3846 honestae
384 3787 418 3845 et
441 3776 643 3866 probabiles
668 3799 792 3846 causae
817 3791 918 3862 sunt,
946 3779 1085 3847 obtem·
1134 3777 1363 3868 compmhata
1396 3789 1461 3852 est.
1531 3775 1707 3848 Volumus
1740 3778 1850 3868 igitur
1883 3783 2048 3852 accedere
2082 3783 2126 3852 ad

72 3903 227 3974 perere,
260 3899 331 3972 qua
354 3877 452 3946 inre
474 3877 581 3947 oflicii
604 3877 681 3947 laus
705 3893 774 3958 est,
810 3880 1083 3973 quaesiueulla
1134 3879 1341 3964 lectionem,
1379 3879 1624 3950 dexteritatem
1657 3879 1697 3950 in
1723 3885 1948 3956 conferendis
1982 3885 2069 3954 locis
2095 3897 2131 3954 et

70 3979 310 4056 dubitatione
338 3979 454 4050 maior
482 3993 533 4050 est
558 3979 595 4050 iu
621 3981 842 4066 iunioribus,
875 4005 982 4076 quam
1006 3982 1084 4054 laus
1134 3982 1263 4052 ordine
1285 3981 1555 4054 distribuendis.

71 4089 215 4180 sapient
223 4083 290 4154 iae.
1142 4165 1146 4172 .
1235 4082 1305 4156 Sed
1321 4085 1541 4156 contrarium
1558 4101 1805 4176 argumentum
1825 4101 2015 4180 opponunt
2028 4085 2128 4158 Pon-

181 4187 279 4260 Cum
299 4183 408 4275 igitur
434 4183 523 4255 iusta
552 4183 598 4255 sit
620 4185 762 4254 dicendi
787 4209 907 4271 causa,
940 4199 1021 4278 peto
1043 4201 1084 4258 ut
1133 4187 1244 4258 tilieii.

76 4293 285 4365 orationem
301 4311 415 4356 meam
433 4287 520 4357 boni
538 4287 749 4372 consulatis,
774 4288 981 4380 praesertim
1002 4311 1083 4358 eum
1236 4285 1278 4358 ln
1303 4287 1460 4381 qualibet
1486 4291 1743 4380 gubernatione
1766 4303 1907 4385 oportet
1928 4294 2045 4362 vivam
2064 4317 2129 4362 vo-

76 4397 306 4490 perfecturus
321 4389 408 4469 sim,
433 4413 477 4457 ne
492 4389 677 4482 prolixitas
695 4391 796 4460 vobis
813 4393 958 4462 molesta
975 4391 1031 4464 sit.
1132 4413 1207 4462 cem
1240 4390 1370 4461 iudicis
1404 4385 1535 4463 habere
1567 4417 1741 4464 summam
1763 4396 2006 4480 autoritatem,
2044 4395 2128 4490 quia

184 4491 285 4584 Quia
306 4515 390 4560 vero
415 4515 511 4560 nunc
537 4490 577 4560 in
592 4487 769 4562 Oratione
792 4489 926 4564 Derani
946 4493 1081 4588 dictum
1132 4515 1271 4584 semper
1293 4506 1375 4562 nata
1394 4493 1469 4581 lege
1486 4496 1708 4566 desideratur
1729 4496 1985 4590 interpretatio.
2040 4495 2127 4568 Plu·

74 4615 149 4686 est,
182 4593 382 4669 Ecclesiam
406 4591 444 4660 in
462 4593 565 4662 terris
580 4595 757 4666 visibilem
776 4619 850 4666 esse
868 4607 902 4666 et
918 4609 1083 4688 oportere
1131 4596 1262 4666 rituum
1291 4608 1344 4666 est
1372 4597 1566 4668 dubiorum
1602 4599 1640 4666 in
1670 4599 1810 4690 seriptis
1841 4595 2062 4691 Propheticis
2093 4613 2128 4667 et

74 4705 115 4774 in
132 4727 175 4774 ea
195 4696 333 4770 ludieia
351 4717 445 4774 esse,
474 4695 656 4787 proximae
682 4699 908 4792 quaestiones
933 4711 1017 4768 sunt
1038 4699 1083 4768 de
1132 4693 1359 4790 Apostolicis.

72 4825 210 4878 norma
233 4797 376 4882 iudicii,
409 4811 446 4870 et
465 4819 575 4892 quare
599 4799 739 4871 valeant
760 4799 923 4872 ludicum
939 4813 1083 4872 senteu-
1126 4875 1130 4882 ,
1231 4795 1328 4890 Ergo
1357 4801 1550 4870 necessaris
1574 4813 1627 4872 est
1653 4801 1731 4871 vira
1755 4827 1822 4872 vox
1844 4803 1992 4890 iudicis,
2022 4817 2057 4874 et
2086 4817 2127 4874 ut

71 4912 167 4988 tiae,
189 4900 404 4975 Auvaleaut
419 4911 458 4970 ut
473 4900 511 4968 iu
527 4897 722 4994 prophanis
737 4903 1082 4974 iudiciisauturitate
1131 4901 1303 4975 liniantur
1326 4903 1607 4988 controversiae,
1646 4927 1786 4974 neeesse
1811 4918 1863 4976 est
1889 4901 1982 4976 hanc
2009 4907 2126 4976 valere

69 5010 190 5102 Regia
220 5025 283 5074 seu
309 5002 509 5094 praetoria?
837 5021 841 5028 ·
1130 5005 1318 5076 autoritate
1331 5003 1442 5094 Regia
1461 5027 1521 5074 seu
1538 5007 1725 5096 praetoria.

177 5107 237 5180 De
258 5101 315 5175 his
343 5105 611 5198 quaestionibus
627 5127 668 5176 eo
693 5129 790 5178 nune
809 5107 999 5178 dicendum
1016 5119 1080 5192 est,
1231 5103 1329 5178 Haec
1356 5107 1595 5198 plausibiliter
1611 5095 1796 5180 'dicuutur
1824 5111 1917 5203 apud
1945 5105 2061 5200 Reges
2090 5121 2124 5178 et

70 5215 161 5312 quia
180 5231 306 5281 recens
323 5207 483 5278 Viennae
497 5201 665 5278 Esous'ta
680 5209 942 5300 propositiones
956 5209 1079 5290 edidit,
1128 5205 1333 5302 Principes,
1366 5211 1427 5280 sed
1446 5223 1622 5304 quatenus
1644 5212 1830 5302 probanda
1846 5213 1937 5299 siut,
1962 5211 2126 5282 conside-
2172 5259 2176 5268 ·

70 5321 110 5388 in
128 5314 269 5412 quibus
283 5333 444 5404 expresse
460 5305 547 5381 haec
562 5312 772 5384 asseveratio
787 5311 915 5405 scripta
933 5325 1001 5384 est:
1076 5331 1081 5344 ·
1127 5313 1280 5382 randum
1295 5325 1356 5382 est.
1407 5313 1493 5382 ldeo
1510 5307 1603 5384 hanc
1618 5313 1860 5403 gravissimam
1880 5314 2125 5408 quaestionem

178 5413 396 5506 lueptumet
410 5413 602 5484 ridiculum
619 5435 709 5494 esse,
735 5426 855 5506 petere
869 5439 890 5486 a
904 5414 1077 5508 scriptura
1127 5413 1248 5484 deiero
1270 5417 1314 5485 ad
1340 5415 1574 5485 reverendum
1601 5415 1719 5485 virum
1743 5413 1925 5490 Pastorem
1949 5413 2127 5488 Ecclesiae

67 5537 252 5616 tauquam
275 5537 441 5610 supremo
463 5516 581 5588 iudice
596 5517 1078 5608 controversiarumreligio-
1126 5515 1467 5591 nostraeDoctorem
1476 5509 1642 5588 Paulum
1653 5513 1838 5602 Eherum,
1859 5543 1965 5614 quem
1982 5531 2127 5612 propter

133 3321 314 3408 Quaestio
345 3322 539 3410 proposita
572 3339 598 3390 u
629 3321 736 3416 an.
767 3321 1033 3390 Francisco

455 3419 718 3514 ltupbctlc.
