4652 6178
218 245 334 375 ’γει
514 371 520 382 ,
813 279 1701 409 ΙρυΑιῑετιοικᾞεΑοΑωιιΜιοΜι
1854 314 1857 322 ,
2181 309 2240 384 uu·

245 476 306 546 die
332 469 400 575 tria
428 465 541 539 millia
557 474 825 546 coronatorum,
849 485 939 556 quae
962 467 1099 536 summ'a
1118 458 1247 530 insin·
1296 459 1729 555 quatuordenarloscudi.
1770 455 2241 548 Atlibracuntioetdrachnas

242 577 346 669 gulos
382 593 498 643 annos
524 567 715 651 efficiebat,
753 578 794 636 ut
825 577 949 635 nostro
982 589 1082 636 more
1107 563 1247 658 loquar,
1277 575 1452 635 centum.
1517 559 1616 636 Haec
1640 589 1715 637 non
1736 582 1949 660 congruunt.
2007 570 2072 643 Sed
2100 574 2241 648 civemn

244 675 434 750 duodecies
463 683 604 742 centum
631 667 731 736 milia
760 680 1029 757 coronatorum.
1084 661 1245 736 Multum
1298 677 1369 746 cst,
1392 687 1435 736 ex
1449 663 1542 736 libra
1552 665 1602 740 84
1611 667 1778 740 denarios
1793 670 1897 757 cudi,
1917 681 2123 757 neccsse‘est,
2141 674 2244 746 drach·

244 775 306 851 hic
320 776 456 849 reditus
472 783 614 864 superat
628 779 804 840 nostrates
820 791 946 853 venas,
971 789 1122 860 quarum
1138 765 1247 836 uber·
1297 763 1376 836 mae
1396 767 1556 859 precium
1578 767 1704 842 minus
1727 793 1821 862 esse,
1858 797 1964 866 quarn
1994 771 2136 851 Romani
2151 773 2245 848 Deua-

245 895 299 954 tas
320 901 418 950 nunc
438 869 714 947 celebratissima
737 881 800 940 est.
857 867 971 940 Porro
985 869 1104 938 nullas
1120 890 1248 958 argen-
1279 867 1355 942 ¹rii.
1407 863 1457 940 Et
1473 869 1605 965 opinor
1617 893 1699 948 curn
1715 873 1846 944 nostris
1860 868 2246 968 Schreclrcnbergensibuc

246 997 321 1056 teas
344 999 474 1050 massas
496 974 537 1044 in
557 973 632 1044 illis
652 969 936 1043 inmundissimis
959 969 1047 1040 locis
1060 981 1160 1042 natas
1174 991 1248 1039 esse
1298 969 1507 1056 convenire,
1525 969 1556 1042 si
1570 974 1858 1050 aureosusitatus
1872 977 2004 1048 valebit
2017 973 2245 1070 septemScbre-

248 1107 332 1162 sane
347 1081 595 1151 mirumesset.
1299 1071 1633 1163 clxeubergensibus.
1692 1071 1791 1146 llaec
1814 1076 1937 1147 audiui
1959 1080 2090 1150 arcudite
2111 1081 2247 1170 disputari

349 1178 529 1276 Equidem
549 1199 628 1270 cum
649 1167 880 1246 venasbuius
899 1171 1024 1243 aetatis
1043 1173 1186 1242 consero
1202 1169 1248 1242 ad
1299 1172 1458 1264 aperitis
1481 1197 1600 1244 rerum
1614 1176 1885 1248 metallicarum.
1946 1179 2148 1276 Quanquam
2161 1195 2246 1250 auten

249 1285 407 1367 ¹veteres,
434 1303 535 1370 saepe
557 1277 716 1362 animum
741 1275 838 1346 subit
860 1273 1068 1359 admiratio,
1100 1271 1248 1366 quibat,
1299 1267 1364 1344 has
1379 1275 1604 1366 quaestiones
1618 1277 1764 1368 agitavit
1779 1269 1837 1350 vir
1857 1282 2086 1366 clarissimus,
2109 1279 2248 1370 Georgius

250 1405 291 1460 ut
315 1389 354 1456 iu
377 1382 477 1454 nulla
500 1394 597 1474 parte
618 1380 715 1470 orbis
739 1393 914 1446 terrarum
936 1378 1148 1466 respoudeat
1163 1369 1250 1443 haee
1301 1371 1485 1465 Agricola,
1518 1379 1701 1449 excellenti
1725 1381 1925 1452 eruditione
1946 1398 1978 1454 et
2000 1385 2122 1452 obstate
2143 1383 2247 1473 praedi·

251 1506 345 1562 actus
361 1489 519 1557 ictorum
536 1478 780 1588 foecunditati.
831 1473 933 1547 Olim
948 1473 1104 1571 Phrygia
1127 1474 1249 1569 etLy-
1299 1489 1374 1560 tus,
1400 1489 1518 1548 tamen
1540 1491 1581 1548 ut
1600 1503 1678 1550 mos
1698 1497 1842 1572 geratur
1862 1485 2108 1556 consuetudini
2123 1478 2247 1560 Schola,

252 1593 311 1664 dia
338 1590 546 1658 immensam
568 1582 642 1650 vim
664 1580 742 1652 auri
765 1575 987 1664 habueruut,
1018 1601 1093 1648 uon
1110 1590 1250 1648 tantum
1301 1577 1421 1648 defero
1432 1601 1530 1650 nunc
1539 1573 1604 1669 bas
1618 1583 1724 1652 utiles
1733 1586 1959 1676 quaestiones
1972 1587 2137 1658 advirum
2152 1583 2247 1654 doctis·

255 1719 297 1764 ex
326 1685 495 1760 ramentis
523 1685 562 1753 in
594 1681 740 1753 Pactolo
770 1680 943 1760 inventis,
980 1681 1041 1750 sed
1064 1704 1105 1750 ex
1122 1676 1251 1748 vicinis
1300 1679 1430 1750 simum
1453 1679 1506 1753 M.
1527 1675 1692 1752 Paulum
1709 1679 1890 1771 Eberum,
1924 1712 1965 1759 ac
1981 1711 2065 1780 rogo
2085 1701 2122 1757 ut
2140 1708 2189 1756 eas
2205 1707 2247 1752 ex-

253 1791 449 1866 montibus.
501 1783 592 1856 Nam
609 1785 703 1879 qnod
720 1782 1011 1856 fluminaaurum
1029 1775 1183 1864 vehunt,
1207 1801 1250 1849 eo
1301 1781 1419 1874 plicet.
1469 1781 1569 1854 Dixi.

255 1899 314 1982 fit,
340 1891 424 1986 quia
445 1886 582 1959 uicinae
600 1899 689 1982 ¹sunt
712 1907 840 1968 venae,
865 1907 884 1954 c
907 1883 1037 1977 quibus
1054 1883 1124 1954 illa
1143 1903 1249 1952 arena

258 1995 429 2075 elabitur,
454 2001 516 2060 aut
531 2001 644 2059 certae
661 2009 771 2058 venae
786 1985 824 2054 in
841 1984 991 2056 flumina
1009 1985 1250 2076 porriguntur.
1512 1957 1691 2048 &illm
1711 1961 1765 2032 M
1794 1963 1829 2030 Ρ
1832 1987 1854 2033 a
1860 1988 1881 2032 ⁸³
1888 1965 1902 2033 l
1907 1967 1921 2032 ἶ
1947 1965 2083 2036 lileri-

259 2098 403 2189 Quanta
424 2105 541 2162 autern
557 2089 665 2160 luerit
686 2089 845 2172 ubertas,
876 2110 951 2156 non
967 2099 1104 2158 tantum
1122 2109 1164 2154 ex
1176 2081 1251 2154 Rc·-
1404 2077 1588 2152 Assentior
1604 2084 1688 2169 tibi,
1708 2085 1760 2154 mi
1776 2080 1951 2173 Mathai,
1980 2079 2111 2180 pa'rtem
2127 2081 2247 2180 Physies

258 2223 341 2292 gum
357 2193 483 2286 opibus
497 2191 720 2273 aestimatur,
745 2199 786 2258 ut
801 2187 933 2282 Mydae
949 2200 1010 2256 aut
1024 2183 1165 2268 Croesi,
1190 2183 1252 2252 scd
1302 2205 1460 2254 essenon
1475 2188 1752 2274 aspernandam,
1771 2189 2011 2277 cognitionem
2026 2189 2245 2278 originisetua-

257 2325 301 2372 ex
317 2293 464 2390 privatis
482 2313 641 2386 quoque.
686 2289 819 2361 Scribit
833 2287 928 2356 enim
938 2286 1160 2372 Herodotus,
1185 2279 1253 2354 ho-
1302 2297 1403 2354 turae
1424 2281 1677 2374 Metallomm,
1703 2303 1852 2384 eamque
1866 2293 2067 2362 doctrinam
2085 2315 2151 2360 nou
2169 2289 2244 2356 soluo

258 2401 394 2472 minem
410 2395 585 2487 privatum
594 2383 763 2487 Pythium
779 2391 927 2460 donasse
939 2386 1030 2479 Regi
1044 2385 1154 2458 Dario
1169 2384 1252 2456 Pla·
1303 2387 1348 2456 sd
1363 2383 1544 2456 Formieas
1558 2387 1639 2458 illas
1653 2389 1850 2480 pertinere,
1876 2417 1969 2486 quae
1983 2418 2107 2464 aurum
2121 2391 2246 2460 effodiunt

260 2519 383 2575 tanum
398 2519 559 2579 auream,
585 2517 625 2563 ac
641 2485 747 2565 vitem
763 2514 925 2574 auream,
950 2513 991 2560 ac
1007 2503 1147 2583 postea,
1172 2511 1252 2557 cum
1303 2511 1345 2556 ex
1369 2485 1570 2568 montibus,
1601 2489 1791 2560 sedetiam
1820 2495 1862 2560 ad
1885 2517 1970 2580 nos,
2002 2494 2065 2588 qui
2090 2495 2126 2562 in
2150 2487 2246 2561 Scholis

261 2603 406 2676 Xerxen
430 2593 586 2690 hospitio
608 2593 816 2686 excepisset,
842 2592 1096 2682 interrogatum
1114 2589 1254 2672 dixisse,
1304 2603 1450 2658 naturas
1485 2612 1605 2660 rerum
1640 2591 1866 2685 inquirimus.
1931 2595 2141 2689 Quanquam
2170 2605 2247 2660 autm

262 2729 299 2778 se
321 2715 458 2796 praeter
481 2699 611 2769 fundos
633 2691 764 2766 babere
785 2708 923 2766 mutuum
946 2693 1083 2784 argenti
1108 2707 1142 2764 et
1165 2691 1255 2774 auri,
1304 2690 1475 2781 temporis
1495 2692 1656 2780 angustia
1681 2689 1749 2762 hoc
1766 2694 1845 2764 loco
1868 2721 1941 2766 non
1962 2700 2112 2792 patitur,
2136 2708 2167 2764 ut
2181 2689 2249 2760 insti-

264 2807 361 2902 quod
384 2801 514 2882 ualuit,
546 2813 586 2872 ut
607 2812 729 2869 nostro
750 2819 849 2867 more
869 2795 1078 2890 loquamur,
1102 2792 1255 2885 amplius
1305 2805 1446 2862 tuantus
1475 2791 1617 2884 longam
1641 2795 1930 2886 explicationem,
1965 2814 2082 2871 tamen
2106 2809 2137 2866 et
2158 2793 2248 2862 aliare

263 2902 532 3004 quadringentis
550 2899 671 2973 tonnis
688 2897 961 2971 Coronatorum.
1299 2892 1495 2988 impedior.
1552 2891 1650 2964 Haec
1670 2895 1820 2988 intelligi
1844 2923 1918 2968 non
1941 2915 2108 2992 possunt,
2131 2895 2188 2966 nisi
2201 2911 2247 2959 ns

284 3013 286 3020 ’
364 3003 444 3078 Etsi
459 3017 576 3074 autern
592 3001 721 3071 mirum
737 3014 806 3085 est,
831 3013 947 3070 tantas
960 2996 1067 3068 luisse
1083 3017 1166 3086 opes
1180 2992 1257 3088 pri-
1306 2995 1474 3065 tallornm
1490 2993 1649 3066 officinas
1661 2997 1767 3068 etiam
1783 2999 1986 3084 uideamus,
2014 3016 2048 3071 et
2061 2992 2249 3070 v'arietasua·

222 3111 225 3116 ’
265 3109 339 3184 vati
355 3102 531 3184 hominis,
556 3117 673 3176 tamen
690 3102 780 3172 illud
797 3099 1032 3190 multomagis
1047 3098 1178 3167 mirum
1194 3093 1257 3181 ed,
1307 3096 1416 3166 teriae
1439 3109 1665 3172 monstretur.
1724 3097 1837 3170 Nemo
1864 3103 1959 3172 enim
1978 3103 2117 3198 Pyritae
2135 3093 2248 3167 etGalc·

264 3209 330 3284 has
353 3210 385 3280 ei
413 3229 488 3276 non
511 3207 691 3295 ademptas
712 3227 823 3273 essea
846 3199 1006 3290 Regibus
1030 3212 1064 3268 et
1087 3197 1256 3290 Satrapis.
1307 3221 1375 3266 noe
1405 3197 1642 3270 differentiam
1674 3199 1861 3290 imaginari
1902 3207 2053 3296 poterit,
2093 3201 2155 3272 nisi
2182 3197 2249 3266 utu

266 3313 372 3386 Nunc
386 3307 481 3379 enim
499 3308 658 3399 privatus
682 3318 796 3376 tantas
815 3304 998 3374 sacubaes
1014 3301 1182 3371 adversus
1198 3322 1257 3369 ra-
1308 3298 1486 3390 inspectis.

265 3415 451 3512 pacitatem
476 3405 616 3500 Regum
638 3421 672 3478 et
696 3404 902 3498 Principum
925 3403 1018 3474 tueri
1039 3425 1113 3496 non
1128 3414 1258 3494 posset.
1408 3395 2167 3495 Deposteriorequaestionebreviterdicum.
2196 3389 2250 3467 lul

266 3515 364 3606 Ergo
397 3510 553 3581 vicissim
582 3523 672 3579 terra
705 3531 768 3578 sua
787 3529 935 3576 munera
964 3499 1080 3574 nobis‘
1098 3505 1258 3593 denegat,
1307 3501 1454 3595 aliquod
1474 3495 1614 3572 Atticae
1627 3497 1816 3574 drachmae
1830 3521 1864 3576 et
1887 3509 2031 3579 denarii
2043 3499 2185 3580 Romani
2201 3496 2248 3565 dis·

268 3617 352 3712 quia
366 3613 529 3708 Tyranni
543 3621 577 3682 et
593 3611 655 3680 alii
670 3609 826 3702 improbi
845 3609 955 3679 iustos
969 3627 1182 3698 possessores
1198 3627 1259 3674 ex-
1308 3603 1463 3687 crimen,
1493 3602 1556 3672 sed
1576 3617 1745 3700 perquam
1769 3607 1952 3698 exiguum,
1990 3608 2074 3682 ideo
2096 3601 2198 3678 Latini
2210 3617 2250 3688 pto

270 3718 422 3792 cutiunt.
478 3713 601 3791 Postea
626 3725 787 3781 monetae
808 3707 1017 3802 corruptelis
1046 3707 1259 3778 defraudant
1309 3699 1479 3776 drachma
1495 3703 1680 3776 denarium
1697 3706 1824 3779 usitate
1840 3711 1976 3786 dicunt.

269 3819 455 3915 populum.
1204 3873 1205 3876 ,
1411 3803 1630 3880 Testimonia
1652 3807 1817 3900 colligere
1836 3814 1950 3882 multa
1974 3833 2120 3904 possem
2165 3801 2252 3891 Quae

371 3913 578 3989 Ostendant
601 3926 733 3984 veteres
755 3909 841 3982 libri
862 3909 1043 3981 rationum
1057 3907 1260 3982 Metallica·
1309 3921 1387 3980 tum
1417 3921 1535 3978 autem
1564 3908 1653 3980 lucis
1677 3912 1816 3982 accedat
1841 3907 2001 3986 historiis
2025 3927 2062 3985 et
2089 3907 2157 3982 luri
2179 3893 2253 3974 civili.

271 4047 371 4104 rum,
398 4011 1260 4110 etiamMysnicasvcnasmultouberioresiuiss'e‚
1310 4007 1449 4099 cognita
1473 4033 1512 4080 re
1532 4011 1733 4081 nummaria
1759 4015 1887 4093 ueteri,
1922 4039 2030 4085 nemo
2056 4017 2190 4104 ignorat
2226 3995 2252 4066 1⁰

271 4147 352 4198 cum
368 4119 533 4192 videlicet
547 4115 661 4188 armus
675 4110 885 4184 haeredibus
901 4108 1174 4186 Marcbionibus
1189 4129 1260 4186 tre-
1310 4109 1413 4201 Lege·
1425 4107 1547 4196 Lecta,
1578 4114 1623 4182 de
1650 4113 1757 4184 rebus
1785 4117 1948 4201 creditis,
1986 4119 2107 4212 quales
2131 4104 2253 4182 tenebrat

272 4240 374 4296 centa
407 4221 520 4291 millia
550 4238 739 4290 aureorum
777 4214 968 4309 quotannis
1002 4216 1260 4306 pendebantur.
1311 4225 1411 4292 sunt,
1437 4212 1469 4280 si
1489 4213 1568 4306 quis
1591 4213 1731 4305 ignorat
1746 4209 1876 4287 veteris
1898 4219 1950 4288 rei
1966 4213 2253 4290 nummarium

271 4325 376 4398 Nunc
400 4323 497 4393 velut
519 4319 638 4391 effoeti
660 4331 798 4390 montes
821 4340 1044 4411 nequaquam
1074 4319 1162 4388 adeo
1183 4317 1261 4388 soe·
1310 4313 1556 4404 putationem?
1605 4313 1675 4387 Sed
1700 4311 1793 4390 banc
1812 4331 1921 4390 totam
1935 4317 2197 4414 disputationem
2209 4299 2254 4372 dil·

273 4426 491 4500 cundisunt.
541 4419 732 4511 Dispntent
747 4419 828 4499 alii,
854 4435 953 4490 suam
968 4419 1069 4513 quasi
1084 4433 1261 4490 senectam
1311 4415 1464 4487 ieramus
1479 4416 1518 4484 in
1533 4415 1631 4488 aliud
1649 4431 1798 4512 tempus.
1850 4418 1943 4492 Dixi.

274 4553 347 4600 esse
371 4525 505 4604 terrae,
535 4537 569 4593 et
585 4521 775 4612 significari
797 4515 903 4592 huius
922 4522 1047 4590 mundi
1066 4521 1261 4595 interitum.

272 4629 349 4720 Ego
377 4625 487 4716 magis
520 4619 691 4708 arbiiror,
721 4622 936 4693 sterilescere
960 4635 1088 4692 terram
1117 4635 1262 4714 propter
1316 4614 2252 4660 *Μὴ-’μ’

274 4723 484 4803 iniustitiam
514 4721 712 4798 bominum.
770 4723 843 4796 Sed
867 4718 933 4794 ltac
962 4725 1106 4816 querela
1132 4723 1261 4824 omissa
1323 4771 1380 4844 No
1417 4773 1462 4844 Μ

274 4835 379 4905 redeo
395 4833 438 4901 ad
452 4827 629 4911 Plinium,
645 4825 684 4894 in
700 4849 770 4920 quo
786 4827 830 4896 de
845 4825 951 4898 rebus
960 4821 1151 4896 Metallicis
1165 4825 1261 4896 mul«
1276 4861 1278 4866 ·
1320 4822 1490 4898 ..z-2

274 4951 310 5006 ta
325 4937 473 5005 obscure
488 4929 617 5019 scripta
632 4941 725 5001 sunt.
765 4923 909 4998 Nam'et
922 4927 1165 5020 alinquanto
1178 4925 1262 5018 plu·
1381 4953 1414 5008 1¹¹
1429 4953 1594 5026 nggm,
1608 4973 1637 5028 Ρ,
1651 4955 1696 5014 ρ,
1730 4957 1798 5016 „m
1813 4959 1844 5016 g,
1860 4947 2121 5022 commem
2136 4953 2216 5028 ,gog

273 5037 406 5106 rimam
428 5031 564 5121 negocii
584 5021 668 5098 iacit
690 5030 856 5112 eruditis,
882 5027 985 5099 cuius
1004 5027 1191 5120 explicatio
1207 5041 1261 5100 ts·

272 5159 357 5208 men
372 5133 562 5204 necessaria
580 5144 631 5200 est
644 5131 688 5198 ad
704 5133 945 5217 cognoscenda
959 5143 1077 5202 vetera
1093 5132 1261 5223 pondera,
1313 5103 1511 5190 ΝΜΟ,
1529 5106 1698 5174 ”mm
1714 5105 1849 5200 uan.
1865 5105 2254 5200 ⁰0⁰*92'013m0l'

152 5329 154 5336 ¹
275 5241 318 5307 aa
341 5233 508 5308 uonna
530 5233 658 5325 pana.
719 5225 819 5301 atras
845 5232 932 5302 arcu
950 5231 1109 5314 etunius,
1141 5227 1262 5304 naua-
1425 5227 1481 5276 Μ
1508 5201 1788 5302 autumans,
1820 5205 1881 5279 1⁶·
1895 5203 1931 5276 d·
1945 5211 2053 5299 sept.
2074 5199 2174 5280 1⁵⁴1·

273 5331 529 5410 rium'babere
558 5335 697 5424 pondus
723 5327 921 5404 Draehmae
943 5333 1091 5404 Atticae.
1149 5333 1260 5404 Libro
1313 5319 1531 5428 Quanquam
1549 5351 1646 5427 grata
1662 5351 1713 5409 est
1729 5333 2272 5430 mihibeneuolentiapr'aecepw·⁴

275 5439 451 5512 tricesimo
487 5437 590 5507 tertio
621 5436 687 5519 ait,
720 5459 760 5505 ex
783 5433 894 5505 Libri
921 5447 1060 5507 tantum
1083 5433 1262 5528 octoginta
1311 5459 1421 5530 rum,
1454 5437 1518 5532 qui
1545 5433 1636 5509 rnibi
1658 5435 1754 5512 ltunc
1782 5441 1900 5546 locum
1921 5443 2119 5538 tribuerunt
2138 5431 2278 5576 quadarnq

2046 4763 2252 4905 taff
