4652 6178
254 246 332 324 sto

655 417 849 517 Respon-

246 629 250 637 Δ
361 536 419 613 Ad
445 534 647 628 Minorem,
681 538 820 614 lustitia
847 555 924 614 tum
947 537 1140 632 imputata,
1174 551 1251 611 tum

259 638 426 717 inchoata
442 647 485 714 ad
503 641 766 742 generationem
782 644 960 716 carnalem
978 637 1070 714 nihil
1086 643 1250 734 pertinet.

258 747 328 822 Sed
354 747 591 840 generationis
605 747 763 817 'carnalis
787 772 888 836 causa
913 759 965 817 est
991 758 1136 828 natura,
1162 771 1251 841 qua-

137 917 141 928 .
250 852 303 946 ¹lis
318 851 363 923 ab
382 849 496 924 Adam
513 863 565 922 est
579 863 730 944 accepta.

638 999 872 1090 Quaestio.

360 1115 556 1220 Quomodo
579 1113 859 1213 intelligendum
885 1127 956 1190 esti
985 1111 1252 1216 Concupiscen-

257 1226 351 1297 tiam
380 1221 593 1296 simulasse
620 1231 824 1320 peccatum,
861 1232 891 1291 et
916 1246 1074 1322 poenam
1103 1219 1251 1320 peccati,

258 1354 338 1400 cum
353 1323 460 1398 Deus
478 1350 551 1410 non
574 1322 623 1396 sit
640 1347 753 1396 causa
776 1321 873 1394 mati
886 1323 1025 1423 culpae.
1073 1320 1151 1394 Sed
1167 1320 1251 1393 velit

257 1427 400 1502 maium
422 1448 570 1526 poenae.
623 1421 733 1513 Item,
766 1423 874 1498 Deus
885 1426 994 1526 punit
1008 1435 1155 1526 peccota
1169 1449 1250 1524 pec-

256 1529 380 1606 catr's?

655 1677 849 1774 Respon.

352 1794 501 1885 Ἀιαξία
518 1799 556 1868 fit
570 1823 683 1894 poena
699 1825 762 1893 per
776 1799 956 1888 accidens,
983 1802 1065 1895 qnia
1082 1825 1155 1870 nou
1172 1801 1250 1871 vult

245 1898 546 1988 'Deusoiauiiam
582 1905 643 1973 sed
670 1903 918 1976 desertionem.
978 1901 1026 1976 Et
1045 1927 1249 1998 quanquam
1365 1993 1370 1999 Ι

255 2003 353 2080 Deus
368 2009 448 2078 vult
460 2029 611 2098 poenam
636 2005 673 2074 in
690 2027 835 2096 genere,
871 2022 989 2078 tamen
1011 2007 1156 2099 proprie
1173 2032 1248 2076 non

216 2157 221 2166 -
246 2112 332 2182 nult
347 2123 549 2204 peccatum,
574 2109 634 2178 sed
652 2109 852 2178 desertione
869 2134 931 2201 per
947 2111 1110 2180 accidens
1126 2110 1183 2194 lit,
1209 2123 1249 2180 ut

236 2227 394 2308 paccata
412 2212 499 2281 fiant
517 2235 667 2302 poenae,
693 2211 742 2280 sic
758 2211 927 2282 libidines
949 2212 1152 2303 puniuntur
1171 2234 1249 2282 cae-

253 2317 357 2386 citate
375 2314 521 2393 mentis,
547 2326 583 2382 ει
597 2313 693 2382 ειιιιιι
709 2313 902 2383 idolorum.

503 2457 642 2532 Aliud
676 2477 998 2554 argumentum.

303 2599 431 2670 Forma
449 2599 510 2667 dat
525 2621 598 2666 esse
613 2596 677 2671 rei.

232 2790 234 2796 .
303 2700 467 2773 Formale
484 2700 618 2792 peccati
634 2699 774 2771 tollitur
789 2697 827 2766 in
845 2697 1032 2792 baptismo.

259 2865 264 2900 ζ
303 2800 399 2896 Ergo
420 2802 536 2894 ipsum
564 2815 744 2895 peccatum
773 2800 812 2869 iu
834 2799 1010 2894 baptismo
1035 2820 1247 2895 removetur,

251 2921 293 2978 ut
315 2906 436 2978 nullae
460 2929 588 2998 pravae
613 2903 882 2989 inclinationes,
912 2919 974 2976 aut
988 2907 1246 2997 appetitionum

251 3003 399 3090 ἅταξίαι
419 3019 587 3078 maneant
611 3007 779 3098 reliquae.
839 3003 898 3075 An
916 3001 984 3076 hoc
1000 3009 1048 3078 ita
1068 3011 1246 3100 explican-

192 3153 195 3160 ,
251 3111 338 3182 dum
355 3110 423 3182 sit?
458 3109 576 3180 Aliam
592 3132 665 3180 esse
680 3109 830 3178 formam
847 3111 1131 3196 substantialem,
1156 3139 1246 3208 quae

198 3201 201 3206 ’
250 3215 313 3284 dat
336 3237 409 3284 esse
434 3213 498 3286 rei.
556 3209 611 3280 De
646 3205 711 3280 hac
742 3211 989 3282 universaliter
1013 3237 1136 3283 verum
1159 3239 1246 3300 esse,

250 3316 349 3410 quod
383 3315 658 3398 destructionem
690 3315 825 3382 formae
858 3327 1026 3406 sequatur
1052 3319 1244 3390 destructio

250 3417 468 3487 substantiae
498 3415 561 3486 rei.
620 3411 738 3485 Aliam
763 3440 846 3485 vero
875 3439 947 3486 esse
971 3418 1121 3488 lormam
1153 3421 1243 3492 acci·

250 3519 448 3600 dentalem,
474 3529 508 3588 ει
522 3519 566 3588 de
581 3511 648 3587 hac
664 3518 793 3588 iterum
810 3519 999 3587 discrimen
1021 3544 1093 3589 esse
1112 3523 1245 3592 sacien-

249 3623 336 3692 dum
355 3621 449 3690 iuter
464 3621 614 3690 formam
629 3619 863 3690 accidentium
879 3611 1142 3708 absolhtorum‚
1175 3610 1243 3720 mia

250 3723 408 3814 sibiipsis
432 3723 567 3790 formae
602 3736 701 3808 suut,
741 3739 774 3792 et
802 3724 896 3792 inter
920 3725 1069 3794 formale
1094 3729 1244 3815 relativi,

249 3849 322 3918 qno
345 3823 506 3908 sublato,
531 3836 650 3894 tamen
673 3825 944 3893 tundamentum
972 3827 1149 3921 reliquum
1169 3858 1245 3902 ma-

249 3940 330 4006 net,
356 3939 539 4018 peecatum
556 3939 672 3996 autem
689 3949 763 3996 uon
781 3939 832 3996 εει
851 3927 1065 4002 ahsolutum.

650 4075 844 4170 Respou.

350 4192 472 4264 Potest
493 4192 541 4262 ita
566 4195 795 4284 responderi,
831 4195 920 4265 sicut
942 4196 1041 4268 dicis.
1094 4195 1187 4284 Quia
1206 4197 1243 4266 in

211 4338 214 4346 ·
248 4309 391 4391 peccato
408 4296 520 4364 multa
536 4311 620 4366 snut
635 4297 811 4368 formalia.
864 4295 959 4369 Mihi
978 4299 1173 4388 simplicior
1190 4327 1243 4369 re-

246 4398 392 4493 sponsio
419 4397 559 4476 videtur
579 4399 674 4468 dari:
708 4397 843 4471 Reatus
866 4399 905 4468 in
926 4417 1005 4472 actu
1029 4416 1079 4472 εει
1095 4403 1244 4474 formale

247 4500 380 4596 peccati
406 4501 596 4589 regnantis.
659 4497 810 4572 Etcum
837 4497 903 4571 hoc
930 4505 1078 4574 formale
1093 4505 1243 4590 tollitur,

180 4694 191 4706 ι
247 4616 368 4674 manet
384 4601 554 4672 delectus.
605 4600 739 4676 Reatus
754 4605 792 4673 iu
809 4607 964 4698 potentia
977 4619 1031 4678 est
1047 4608 1084 4676 in
1101 4623 1242 4699 peccato

243 4730 324 4778 aton
342 4718 523 4796 regnante.

629 4869 857 4960 Quaestio.

346 4985 497 5090 Quaero
513 4989 645 5072 etiam,
670 5014 721 5059 an
740 5001 826 5062 recte
842 5015 889 5062 ex
906 4988 1049 5066 duobus
1064 4993 1154 5068 iocis
1170 4991 1244 5072 Co-

223 5095 397 5182 ,iossens
419 5095 454 5162 8.
489 5101 520 5167 et
543 5087 682 5190 Ephes.
702 5092 738 5164 t.
764 5102 935 5167 sumatur
954 5091 1118 5192 difinitio
1134 5100 1243 5175 iusti-

245 5197 321 5294 tiae
335 5190 556 5289 originalis,
580 5219 644 5266 seu
665 5192 845 5288 imaginis
859 5194 956 5284 Dei,
988 5197 1090 5271 cuius
1112 5201 1152 5273 in
1169 5201 1243 5278 Ge.

245 5295 328 5372 neti
349 5293 487 5369 mentio
497 5291 572 5390 fit,
610 5297 782 5369 induistis
798 5322 932 5370 novum
950 5297 1151 5392 hominem,
1178 5325 1242 5388 etc.

245 5399 341 5474 Item
357 5405 394 5477 2.
412 5389 582 5472 Corinth.
600 5401 635 5472 8.
660 5397 734 5471 Νοε
749 5414 864 5474 autem
879 5426 1023 5486 omues,
1047 5422 1114 5479 etc.

846 241 1273 341 ouansrtonns
1307 238 1705 324 acrosancta.

2176 276 2232 353 llh

1703 421 1897 525 Respoo.

1402 533 1522 609 Credo
1537 527 1632 613 iecte
1647 541 1731 615 inde
1747 547 1841 618 sumi
1855 549 2047 624 doctrinam
2061 557 2099 626 de
2111 558 2239 654 imagine.

1303 635 1455 710 Etiamsi
1473 643 1569 714 enim
1591 669 1665 714 uon
1687 647 1851 740 displicet
1873 654 1960 739 dici,
1992 659 2161 730 secundum
2182 691 2236 737 cor·

1305 761 1370 832 pus
1385 767 1451 812 nos
1466 745 1507 813 ad
1520 746 1709 837 imaginem
1726 753 1789 822 filii
1803 752 1869 822 Dei
1885 757 2041 826 conditos
2055 785 2133 831 csse:
2153 777 2240 840 tamen

1305 844 1515 936 principalia
1533 849 1700 940 imaginis
1717 868 1818 942 sunt,
1843 857 2031 949 sapientia,
2061 863 2192 952 iustitia,
2210 873 2241 939 li·

1225 991 1230 999 -
1303 945 1442 1031 bertas,
1467 961 1502 1018 ει
1517 948 1611 1020 filius
1626 967 1676 1023 εει
1691 953 1807 1046 imago
1825 961 1955 1052 patris,
1979 964 2121 1040 nosfilii.
2169 967 2242 1042 Nihil

1303 1049 1449 1120 absurdi
1467 1044 1534 1121 hoc
1549 1054 1656 1124 modo
1675 1057 1817 1134 dicitur.

1506 1257 1567 1328 De
1593 1263 1746 1334 iustitio
1771 1261 1860 1362 fidet
1886 1268 2085 1360 imputata.

1653 1393 1681 1465 Ι.
1717 1395 1955 1487 Quaestio.

1317 1593 1320 1598 1
1402 1502 1557 1580 Rectene
1568 1505 1720 1600 dicitur,
1743 1541 1939 1614 personam
1954 1520 1994 1592 in
2008 1517 2077 1614 har
2091 1523 2155 1594 vita
2169 1525 2242 1596 insti-

1296 1601 1410 1700 ficari
1433 1635 1556 1685 coram
1575 1609 1679 1704 Deo,
1714 1644 1780 1714 per
1799 1619 1921 1692 sotum
1945 1623 2140 1717 gratuitam
2162 1627 2243 1725 impu·

1302 1708 1676 1880 potionempiustitiae,
1700 1731 1849 1821 propter
1863 1715 2056 1798 Christum
2067 1723 2135 1820 fide
2152 1755 2242 1828 appre-

1331 1837 1472 1886 erasum.

1701 1954 1895 2054 Respou.

1400 2067 1635 2144 Steunene
1669 2089 1723 2145 est
1746 2081 1894 2162 sentire,
1930 2083 2027 2153 iuxta
2055 2084 2153 2153 illud:
2182 2079 2237 2154 Nor

1301 2163 1577 2259 iustificahatur
1608 2175 1649 2246 in
1687 2179 1875 2275 conspictu
1911 2191 1975 2253 tuo
2009 2185 2123 2256 onmis
2154 2184 2234 2256 niem.

1300 2267 1370 2338 Sed
1390 2289 1534 2364 propter
1549 2276 1662 2347 filium
1679 2295 1888 2371 reputamur
1904 2288 1990 2357 iusti
2015 2289 2101 2373 tide,
2126 2303 2153 2356 ει
2162 2303 2233 2357 tanco

1301 2395 1423 2441 verum
1438 2392 1506 2462 est,
1533 2378 1640 2450 simul
1656 2377 1818 2456 inchoari
1834 2391 2050 2476 novitatem,
2072 2393 2126 2458 sed
2140 2384 2238 2458 nonha-

1298 2473 1359 2646 ἓῖιι
1374 2501 1525 2593 persona
1540 2483 1786 2556 remissionem
1802 2508 2048 2582 peccatorum,
2071 2493 2133 2562 nisi
2145 2503 2239 2584 proptu

1356 2593 1494 2656 ustum.
1510 2599 1513 2608 '

1767 2720 1816 2796 n.
1864 2673 1868 2681 ’

1398 2827 1442 2904 N
1444 2856 1601 2930 usquam
1613 2829 1749 2907 dicitur
1758 2842 1943 2939 expressis
1962 2845 2123 2918 rerhisin
2135 2843 2242 2940 scriptu

1299 2952 1364 3013 ra,
1389 2929 1491 3030 quod
1504 2929 1653 3008 Christi
1667 2938 1814 3012 iustitia
1833 2943 1942 3017 nobis
1956 2945 2167 3049 imputetur?

1650 3075 1652 3080 ’
1695 3075 1890 3171 Respon.

1400 3183 1476 3255 lmo
1487 3185 1641 3263 Roman.
1651 3188 1703 3266 5.:
1731 3190 1836 3265 Sicut
1848 3221 1915 3294 per
1929 3197 2199 3276 utriushominis
2211 3201 2244 3271 in·

1298 3279 1541 3359 obedientiam
1557 3302 1762 3388 peccatores
1783 3300 1977 3374 constituti
1988 3317 2077 3378 sunt
2091 3306 2198 3392 multi,
2216 3303 2244 3374 sit

1294 3411 1359 3485 per
1372 3385 1616 3463 obedientiam
1627 3389 1777 3468 Christi
1788 3399 1883 3472 iusti
1894 3407 2160 3480 constituuntur
2168 3404 2246 3478 matti

1297 3489 1404 3578 Item,
1435 3491 1642 3568 1.Corinth.
1661 3503 1693 3572 t.
1710 3503 1843 3576 dicitur
1859 3509 1971 3579 clare:
1999 3507 2139 3583 Factus
2155 3520 2193 3582 est
2206 3531 2247 3578 no

1296 3590 1355 3661 his
1371 3592 1529 3671 iustitia.
1574 3596 1680 3688 ltem,
1705 3601 1975 3683 scariotha:
2000 3609 2106 3684 Fecit
2120 3639 2186 3684 eum
2196 3633 2246 3708 pre

1296 3704 1418 3766 catum
1431 3721 1500 3795 pro
1517 3698 1645 3790 nobis,
1672 3712 1711 3774 ut
1726 3729 1795 3777 nos
1796 3704 1976 3802 fieremus
1994 3713 2138 3788 iustitia
2152 3715 2185 3787 in
2196 3737 2231 3785 to.

1755 3858 1822 3934 ΙΙΙ.

1397 3962 1591 4066 Quomodo
1625 3973 1743 4068 igitur
1775 3977 2025 4076 intelligenda
2063 3997 2113 4060 est
2139 3983 2250 4086 phrasis

1295 4063 1486 4172 Paulina,
1520 4073 1626 4145 Fides
1651 4079 1848 4171 imputatur
1868 4093 1911 4154 ad
1940 4089 2138 4164 iustitiam?
2181 4085 2250 4159 Nan

1295 4197 1320 4239 a
1337 4173 1465 4244 natiso
1481 4174 1667 4247 verborum
1692 4204 1801 4252 sensu
1827 4182 1980 4280 longius
1999 4187 2139 4264 detorta
2154 4189 2252 4262 videtur

1295 4267 1385 4394 haec
1402 4275 1670 4396 interpretatio:
1699 4285 1790 4356 Fide
1807 4289 1982 4382 accipitur
2000 4297 2166 4390 imputata
2179 4291 2252 4366 ctri-

1294 4391 1339 4447 stt
1354 4393 1503 4452 tustttra.
1688 4401 1689 4406 ’

1688 4517 1883 4615 Respon.
1955 4560 1959 4566 ·

1397 4631 1478 4704 Scio
1502 4636 1729 4708 cavillatione
1754 4663 1855 4732 posse
1881 4646 1981 4726 illam
2007 4647 2152 4744 phrasin
2173 4643 2252 4733 uagi

1294 4735 1374 4805 tari.
1426 4735 1495 4806 Sed
1516 4741 1741 4810 manifestum
1760 4759 1828 4830 est,
1855 4745 2010 4822 Paulum
2031 4779 2107 4826 non
2124 4753 2251 4822 vetlem

1295 4837 1407 4908 iustos
1430 4862 1504 4908 esse
1527 4856 1674 4932 propter
1696 4859 1834 4916 nostras
1858 4853 2064 4942 qualitates.
2114 4857 2252 4928 tdeocun

1294 4940 1361 5010 ait:
1396 4933 1512 5010 Fides
1536 4941 1762 5040 imputatur,
1796 4950 2073 5043 intelligendum
2099 4973 2149 5030 est
2170 4973 2252 5026 corre

1294 5041 1402 5113 lative
1417 5058 1563 5137 propter
1577 5039 1783 5136 Christum,
1808 5065 1850 5124 ut
1865 5058 1909 5124 ad
1925 5051 2068 5151 Ephes.
2085 5062 2207 5132 dicitur.

1759 5199 1824 5274 lV.

1393 5309 2252 5429 lusthicareprineipaiiteretproprirksimesigai

1287 5413 1398 5512 ficut,
1434 5439 1480 5490 aa
1504 5413 1644 5498 ¹iniusto
1667 5417 1805 5494 iustum
1827 5426 1977 5528 facere,
2013 5443 2048 5506 et
2078 5428 2253 5528 mortificato
