4652 6178
255 252 331 342 tte
845 241 1267 348 quaesiturus
1300 217 1703 323 acsnnnrcan
2191 250 2251 336 ro
2284 213 2287 221 ’

255 431 302 505 de
315 425 448 506 tuende
462 421 635 509 sanitate,
655 417 987 499 coustituitcertum
1002 431 1165 516 tempos,
1188 445 1255 499 nec
1305 441 1512 498 nervorum.
1569 413 1620 494 tu
1632 415 1795 488 omnium
1811 437 1981 491 sensuum
1995 417 2253 514 sctiouesguhu.

256 525 453 614 anteveni,
477 549 544 600 nec
558 521 693 598 diutius
708 521 847 602 differri
863 523 941 597 vult
955 523 1255 614 erepcitstiouem,
1305 537 1413 606 nant,
1445 515 1502 592 his
1529 517 1858 612 languescentibus,
1894 517 2139 594 labefactantur
2157 550 2253 602 omno

256 632 371 712 Docet
399 629 496 702 enim
528 641 610 724 post
637 627 830 702 secundam
855 625 1054 698 coctionem
1079 629 1255 704 utendum
1306 647 1446 706 sensus,
1479 645 1544 698 nec
1565 621 1734 696 sustineri
1763 620 1914 694 intentio
1944 621 2133 694 animorum
2158 643 2255 720 potest,

256 759 332 820 esse
356 731 617 806 exercitatione.
677 727 837 802 Primam
860 729 1057 800 coctionem
1076 729 1256 820 intelligit,
1306 725 1428 818 Quare
1437 749 1503 798 nos
1513 725 1681 810 maxime,
1704 722 2009 818 quiversamurin
2022 726 2139 798 studiis
2152 733 2255 806 doctri

257 861 341 914 cum
355 835 396 911 iu
410 832 608 909 ventriculo
621 830 722 910 cibus
737 831 777 900 in
797 825 962 934 cbylum,
987 831 1027 902 id
1050 844 1121 916 est,
1148 834 1188 906 in
1209 833 1256 907 li-
1305 854 1409 921 nam,
1434 852 1557 902 curare
1575 850 1704 900 nervos
1719 849 1858 904 summa
1873 827 2056 926 diligentia
2068 845 2200 924 oportet.

258 962 409 1036 quorem
424 933 657 1014 convertitur.
708 931 909 1009 Secundam
927 933 1125 1006 coctionem
1141 948 1256 1022 vocat,

258 1067 340 1126 curu
363 1042 404 1113 in
417 1037 535 1135 Epate
549 1031 676 1130 cbylus
694 1049 953 1114 transmutatur
970 1036 1009 1106 in
1033 1040 1256 1132 sanguinem.
1409 1027 1551 1107 Accedo
1578 1033 1624 1106 ed
1647 1029 1804 1130 reliquas
1830 1031 2020 1126 particulas
2039 1027 2139 1106 buius
2163 1031 2257 1130 Apho-

256 1145 301 1228 ln
314 1139 372 1216 bis
388 1143 527 1221 duabus
548 1139 772 1213 coctionibus
794 1163 884 1232 opus
908 1152 959 1212 est
983 1139 1112 1234 quiete.
1163 1139 1255 1214 Nam
1307 1139 1418 1212 rismi.
1471 1133 1583 1208 Cibus
1605 1149 1640 1206 et
1665 1135 1821 1207 Somnus
1841 1136 2046 1208 conducunt
2059 1137 2256 1212 interioribus

257 1261 360 1322 motu
375 1241 637 1320 vehementiore
655 1242 831 1320 excutitur
846 1236 984 1338 belus
999 1265 1041 1312 ex
1054 1243 1255 1319 ventriculo
1308 1240 1467 1312 Galenus
1488 1240 1538 1310 sic
1558 1238 1742 1328 intelligit:
1776 1236 1933 1309 Somnus
1958 1251 2012 1310 est
2032 1239 2143 1327 cibus,
2170 1241 2256 1330 idest,

258 1365 322 1432 aut
336 1373 379 1422 ex
392 1345 526 1444 Epate,
551 1358 586 1416 et
603 1344 774 1438 impletur
789 1369 917 1438 corpus
932 1345 1075 1418 vitiosis
1091 1341 1256 1419 humori-
1308 1345 1475 1416 conducit
1490 1341 1741 1426 interioribus,
1767 1340 1869 1435 quasi
1885 1341 1998 1428 dicat,
2018 1333 2108 1412 'sicut
2123 1345 2204 1414 calor
2215 1369 2256 1413 er·

258 1455 346 1539 bus,
388 1465 422 1522 et
450 1449 545 1521 vires
580 1447 773 1521 ventriculi
802 1463 836 1520 et
867 1441 992 1542 Epatis
1023 1449 1257 1542 adfliguntur.
1308 1447 1437 1518 citatur
1458 1459 1558 1516 motu
1585 1444 1625 1512 in
1646 1443 1898 1530 exterioribus,
1928 1445 1977 1514 ita
2001 1459 2256 1517 somnusrevoeat

259 1555 447 1638 Interdum
463 1551 569 1632 etism
588 1549 672 1620 inde
686 1549 842 1622 existunt
858 1547 1085 1645 Pleuritides.
1135 1549 1257 1642 Qupre
1307 1549 1460 1620 calorem
1490 1551 1535 1618 ad
1560 1545 1749 1632 interiora,
1786 1559 1821 1616 ct
1843 1545 2016 1618 interiora
2036 1561 2168 1618 recreat
2213 1543 2255 1618 bet

260 1659 413 1730 maxime
427 1647 742 1748 reprehendendus
757 1665 809 1727 est
823 1675 901 1722 mos
915 1653 1173 1748 plurimorum,
1193 1653 1257 1748 qui
1307 1653 1418 1746 igitur
1432 1649 1581 1722 mirifica
1591 1649 1733 1720 collatio
1747 1645 1871 1719 Motus
1884 1662 1918 1719 et
1929 1646 2081 1740 Quietis.
2112 1647 2256 1721 Exteriore

257 1761 377 1836 statim
400 1783 421 1832 a
443 1757 523 1829 cibo
540 1756 806 1826 contentionem
826 1755 887 1826 vel*
899 1757 1059 1849 corporis
1071 1757 1130 1828 vel
1144 1755 1257 1830 animi
1308 1756 1420 1846 magis
1447 1755 1619 1827 iuvantur
1651 1750 1785 1836 Motu,-
1813 1749 1986 1824 interiora
2016 1751 2123 1843 magis
2153 1748 2256 1842 Quiete.

258 1862 468 1958 suscipiunt.
528 1857 641 1952 ldque
655 1858 767 1953 magis
781 1854 1023 1952 perniciosum
1038 1873 1090 1930 εει
1104 1856 1256 1931 Germa·
1306 1855 1428 1948 Quare
1449 1871 1484 1933 et
1508 1869 1630 1928 motus
1643 1867 1678 1930 ct
1701 1853 1831 1951 quietis
1848 1855 1942 1931 vices
1959 1854 2138 1931 distribuit
2155 1869 2255 1942 natura,

257 1968 335 2056 nis,
368 1965 534 2068 quicum
557 1961 797 2035 ventriculum
814 1983 941 2052 magna
964 1962 1058 2032 mole
1077 1963 1149 2042 cibi
1167 1986 1257 2034 one·
1308 1976 1342 2034 et
1358 1957 1540 2036 observari
1555 1955 1723 2052 postulat,
1772 1952 1826 2031 lta
1840 1957 1912 2028 alio
1932 1955 2015 2028 loco
2030 1955 2143 2054 inquit
2154 1955 2255 2053 Hippo

255 2082 408 2154 rerunt,
430 2065 577 2156 largiter
595 2063 701 2143 etiam
744 2077 809 2136 otu
830 2065 994 2152 diluunt,
1019 2078 1060 2138 ut
1075 2066 1176 2136 cibus
1190 2089 1257 2136 na·
1306 2078 1433 2136 crates:
1473 2060 1648 2154 Vigilanti
1678 2059 1855 2136 exteriora.
1882 2059 2072 2144 calidiora,
2111 2059 2254 2134 dormienti

255 2189 336 2246 tans
353 2171 393 2242 in
413 2167 634 2252 ventriculo,
660 2089 775 2239 mrito
800 2165 981 2244 difficilius
998 2168 1110 2259 possit
1124 2192 1256 2238 conco·
1308 2183 1431 2242 contra
1456 2165 1567 2258 magis
1590 2163 1705 2238 calent
1723 2161 1909 2244 interiora,
1961 2161 2072 2239 Item:
2097 2159 2253 2254 Sanguisiu

257 2275 332 2372 qui.
393 2271 517 2366 ltaque
541 2282 676 2340 certum
702 2268 849 2340 exitium
881 2269 953 2340 sibi
984 2284 1169 2346 accersunt
1189 2269 1257 2358 illi,
1307 2295 1431 2340 somno
1456 2268 1567 2362 magis
1591 2267 1636 2341 ad
1659 2267 1830 2344 interiora
1850 2267 1937 2348 abit
1996 2264 2118 2362 Itaque
2138 2264 2253 2344 etiuin-

256 2379 320 2475 qui
342 2373 464 2450 referti
480 2373 558 2447 cibo
580 2395 620 2447 ac
642 2384 751 2463 potu,
772 2371 891 2442 statim
910 2372 1049 2444 labores
1064 2367 1256 2445 vehemen·
1305 2371 1610 2444 flammatiouibus
1624 2367 1836 2439 interiorum
1846 2369 2109 2454 membrorum,
2128 2389 2251 2439 uoncou

257 2483 367 2556 tiores
391 2474 599 2568 suscipiunt.
664 2471 811 2552 Possem
832 2474 946 2546 multa
976 2476 1136 2568 exempla
1157 2500 1256 2548 com·
1305 2477 1447 2548 ceditur
1468 2475 1540 2544 nisi
1561 2472 1681 2544 brevis
1703 2495 1850 2542 somnus
1865 2471 2034 2564 aegrotis.
2085 2469 2162 2544 ldeo
2175 2481 2252 2540 cuttu

169 2645 173 2654 .
257 2603 456 2664 memorare
478 2576 807 2652 robustissimorum
830 2576 1022 2664 iuvenum,
1061 2579 1192 2672 quibus
1216 2579 1256 2647 in
1306 2581 1346 2649 in
1360 2603 1487 2650 somno
1504 2577 1603 2649 calor
1615 2592 1803 2649 revocatur
1817 2575 1856 2644 in
1871 2571 2068 2664 interiora,
2093 2575 2169 2670 «pris
2179 2593 2253 2663 vapu-

256 2687 355 2774 ludis
367 2695 429 2766 aut
442 2679 685 2776 voluptatibus
701 2673 949 2755 vehementior
970 2693 1111 2771 motus,
1136 2681 1255 2756 statim
1305 2707 1362 2754 res
1384 2683 1482 2752 intus
1502 2681 1539 2750 vi
1561 2678 1689 2750 caloris
1712 2672 1880 2749 exhalant
1900 2680 1941 2748 in
1960 2681 2153 2753 cerebrum.
2194 2673 2254 2745 tun

258 2801 428 2884 sequutus
441 2785 586 2880 cibum,
623 2782 770 2862 erilium
794 2782 925 2862 attulit
979 2781 1100 2876 Quare
1115 2797 1255 2868 antece·
1305 2801 1422 2857 autem
1438 2783 1607 2855 interiora
1624 2795 1711 2852 tunc
1732 2781 1896 2871 rigentur
1909 2797 1944 2854 et
1964 2783 2123 2863 alantur,
2152 2775 2254 2850 studet

259 2895 347 2963 dant
370 2886 535 2960 exercitia
564 2885 696 2955 cibum.
758 2881 808 2956 Et
839 2885 923 2978 quia
948 2885 1055 2982 etiarn
1069 2881 1256 2969 exhaustis
1306 2902 1514 2974 concurrat,
1546 2886 1659 2977 gignit
1681 2909 1743 2955 cor
1763 2885 1961 2977 plurimum
1985 2886 2166 2978 spirituum
2186 2881 2214 2948 in
2229 2897 2253 2945 a

218 3031 219 3034 ¹
257 2991 466 3088 corporibut
489 3001 594 3060 nocti
616 2999 735 3070 molus
751 2987 859 3082 paulo
876 2982 1142 3076 vehementior,
1174 2989 1253 3059 idco
1305 2993 1436 3087 quiete.
1500 2987 1723 3064 Recreantur
1759 2987 1881 3082 itaque
1908 2988 2084 3060 interiora
2113 2980 2253 3080 praecipu

258 3093 419 3175 Galenus
428 3094 520 3164 illud
534 3105 672 3182 tempus
681 3089 809 3164 tribuit
823 3090 1015 3180 exercitiis,
1032 3089 1112 3166 curn
1124 3093 1255 3186 postri·
1306 3095 1386 3166 cibo
1400 3103 1434 3164 et
1450 3115 1587 3166 somno.
1638 3087 1686 3162 Et
1699 3105 1740 3162 ut
1754 3091 1852 3160 calor
1865 3105 2054 3163 revocatus
2069 3091 2106 3170 iu
2120 3083 2254 3162 inerim

258 3201 317 3277 die
331 3197 457 3270 ultima
480 3196 519 3268 fit
534 3193 669 3278 coctio,
697 3193 884 3277 videlicet,
909 3218 989 3266 cum
1015 3195 1158 3288 sanguis
1174 3219 1255 3288 per·
1304 3197 1462 3292 perficiat
1475 3195 1690 3279 coctionem,
1716 3193 1836 3264 debita
1850 3193 1970 3264 somni
1985 3207 2140 3288 tempora
2153 3205 2254 3260 servet

137 3384 143 3392 ,
258 3315 378 3379 coctus
400 3299 439 3368 in
461 3297 560 3370 venis
581 3296 617 3364 vi
639 3295 767 3368 caloris
790 3295 929 3380 vitalis,
962 3320 1070 3390 quem
1092 3294 1254 3377 buteriae
1305 3316 1383 3386 tur,
1410 3300 1473 3394 qui
1490 3299 1643 3372 calorem
1654 3309 1818 3372 accersat.
1869 3293 1951 3368 Erit
1965 3287 2255 3388 igiturconrerient

257 3407 358 3478 venis
383 3400 577 3496 implicitae
592 3391 794 3486 advehunt,
826 3397 978 3472 vertitur
999 3397 1039 3468 in
1053 3401 1254 3479 nutrimen.
1306 3403 1482 3475 exercitiis
1503 3415 1643 3494 tempus
1665 3413 1748 3471 ante
1764 3400 1937 3492 prandia,
1961 3401 2045 3476 etsi
2060 3395 2254 3494 prandtsnn

257 3521 335 3585 tum
356 3502 527 3585 membris
549 3501 777 3577 conveniens.
837 3499 885 3574 Ut
908 3501 1003 3572 enim
1019 3525 1099 3572 caro
1114 3501 1255 3580 avidius
1303 3510 1451 3580 luerunt
1472 3501 1654 3595 longiora,
1689 3516 1772 3574 ante
1804 3525 1944 3573 coenas.
2007 3501 2130 3579 Somni
2158 3507 2255 3584 leupus

256 3609 406 3702 accipiat
435 3602 504 3688 boc
526 3601 807 3688 nutrimentum,
837 3603 1043 3682 excitandus
1073 3618 1125 3675 est
1147 3605 1255 3676 calor.
1305 3623 1449 3704 aptum,
1478 3629 1555 3678 non
1578 3605 1687 3676 nimis
1711 3605 1820 3696 longo
1844 3605 2037 3678 intervallo
2051 3617 2128 3699 post
2141 3613 2257 3672 coenan

257 3712 348 3784 lnde
370 3707 522 3798 intelligi
544 3719 676 3800 potest,
704 3729 814 3800 quare
836 3699 895 3774 bie
911 3707 1040 3777 dixerit
1053 3704 1254 3804 Hippocra-
1304 3715 1365 3784 sed
1380 3723 1568 3805 postquam
1583 3709 1654 3779 iam
1673 3707 1835 3779 subsedit
1848 3709 1952 3780 cibus
1966 3709 2008 3780 ib
2023 3701 2218 3786 ventriculo,
2235 3703 2257 3760 ‘¹

256 3832 326 3904 tet:
358 3811 478 3888 Labor
500 3812 644 3904 prodest
664 3809 775 3884 carni.
826 3805 1006 3880 Conducit
1027 3809 1123 3880 enim
1137 3811 1254 3903 tripli·
1304 3809 1471 3886 inchoata
1489 3827 1541 3884 est
1556 3811 1681 3886 coctio.
1734 3809 1840 3882 Tunc
1855 3812 1950 3880 enim
1968 3811 2120 3882 maxime
2128 3818 2258 3878 revocet·

257 3919 365 4004 citer,
386 3916 513 3988 excitat
528 3914 699 3994 calorem,
718 3925 758 3984 ut
770 3909 911 3985 avidius
924 3911 1072 4004 recipiat
1086 3937 1171 3986 caro
1184 3938 1254 3986 nu·
1305 3921 1372 3989 dus
1389 3916 1494 3988 estin
1510 3915 1681 3986 interiora
1696 3915 1803 3986 calor.
1855 3913 1953 3986 Haec
1967 3912 2151 3984 intervella
2170 3906 2195 3976 tl
2206 3895 2258 3996 qu's

258 4021 486 4104 trinrentum,
519 4028 556 4099 et
576 4015 636 4094 fiat
654 4013 844 4105 glutinatio
864 4027 899 4088 et
914 4015 1098 4088 conversio
1113 4015 1152 4086 in
1168 4018 1254 4088 sub
1284 4101 1285 4104 Ἴ
1304 4021 1533 4092 mediocriter
1556 4017 1812 4103 observaverit,
1844 4017 1992 4098 sentiet,
2027 4016 2096 4086 sibi
2110 3999 2257 4084 benedi*

258 4123 423 4200 stantiam
447 4119 537 4192 aliti.
595 4117 782 4198 Secundo,
815 4130 933 4190 motus
950 4117 1094 4210 expellit
1110 4119 1254 4190 inutiles
1306 4123 1462 4214 gentiam
1479 4123 1583 4191 valde
1598 4121 1786 4214 prodesse,
1810 4115 1955 4190 Etcum
1971 4109 2258 4212 inpraesentisvt·

257 4223 534 4318 superfluitates,
582 4217 727 4300 Tertio,
753 4219 875 4296 reddit·
891 4243 1031 4293 carnem
1049 4218 1254 4314 spissiorem
1305 4226 1466 4298 letudine
1481 4237 1603 4294 utetur
1615 4223 1792 4318 firmiore,
1826 4236 1861 4293 et
1875 4223 1993 4294 studia
2009 4235 2045 4293 et
2059 4202 2258 4316 negotiaftiij

257 4344 293 4402 et
316 4325 534 4398 solidiorem.
591 4317 713 4395 Eiecta
736 4321 833 4397 enirn
853 4318 975 4394 inutili
998 4323 1254 4416 superfluitate,
1284 4335 1285 4338 ’
1306 4330 1377 4400 lius
1400 4329 1574 4399 sustinere
1596 4325 1744 4420 poterit:
1773 4323 1867 4394 Tum
1883 4349 1970 4402 vero
1984 4323 2090 4395 etiam
2106 4306 2259 4390 vitamsibr

256 4429 387 4512 melius.
399 4427 623 4518 glutinantur
637 4438 772 4520 parles,
798 4437 833 4516 et
845 4437 963 4496 motus
978 4425 1157 4510 desiccans
1171 4429 1254 4502 red-
1304 4431 1529 4525 prorogabit,
1552 4443 1587 4500 et
1598 4441 1773 4500 senectam
1782 4423 1928 4498 babebit
1937 4427 2142 4498 validiorem
2154 4429 2259 4490 elim·

254 4532 308 4605 dit
322 4552 471 4622 corpora
488 4527 668 4622 spissiora.
1305 4535 1522 4630 quilliorem.
1572 4529 1668 4603 Diri.

359 4631 430 4705 Sed
453 4630 639 4702 obscurius
664 4645 733 4709 est,
758 4630 855 4724 quod
872 4628 938 4700 ait:
964 4625 1160 4716 Laborem,
1185 4624 1254 4702 boe

257 4751 327 4818 est,
351 4733 515 4806 exercitia
534 4732 699 4826 prodesse
718 4725 903 4807 Articulis.
956 4729 1048 4808 Cum
1073 4747 1189 4807 autem
1207 4735 1253 4809 ad

256 4837 426 4912 articulos
441 4837 615 4928 plurimae
632 4833 893 4928 superfluitates
910 4836 1153 4930 expellantur,
1177 4861 1253 4909 non

255 4961 354 5022 secus
377 4962 417 5010 ac
440 4939 707 5030 tempestatibus
728 4961 768 5006 ac
791 4936 924 5030 pluviis
941 4940 1134 5036 putrefiunt
1150 4939 1252 5010 funes

255 5043 295 5114 in
326 5039 495 5122 navibus,
528 5041 577 5116 ita
602 5039 704 5111 nervi
733 5041 962 5114 resolvuntur
993 5040 1032 5115 in
1062 5039 1251 5124 musculis,
1310 5011 1482 5156 Q
1769 5092 1773 5100 ,
2107 4995 2253 5144 Q

1303 4792 2255 4835 —ffl—-d--fl‘

256 5143 364 5218 obsiti
387 5141 484 5214 lento
509 5155 543 5214 et
565 5141 696 5234 frigido
720 5135 885 5222 humore,
945 5136 1049 5234 Opus
1070 5155 1121 5213 est
1144 5141 1253 5234 igitur

255 5259 355 5320 motu
373 5245 419 5319 ad
433 5243 625 5318 eliciendos
641 5243 722 5314 illos
736 5243 852 5314 leutos
873 5237 1058 5329 humores,
1084 5248 1177 5318 etad
1195 5269 1253 5316 re·
1376 5263 1408 5318 lu
1420 5263 1533 5334 Qum.
1546 5279 1573 5334 p
1590 5259 1660 5318 εει.
1697 5261 1764 5317 tom
1779 5258 2060 5331 apaustuluns.
2078 5265 2102 5308 n
2117 5255 2141 5308 ιι
2155 5231 2258 5302 Toull-

257 5349 458 5424 ΜΝ
479 5348 633 5420 Μ
648 5345 867 5430 ”³¹¹¹'l‘ffl’
892 5359 934 5416 ¹¹²
1070 5347 1171 5442 [ωε
1187 5370 1251 5422 ⁵¹¹⁰
1408 5305 2260 5474 irruerunt-tur:euertuntur

245 5473 406 5529 munere
423 5449 574 5544 possint.
635 5447 769 5540 Magna
785 5447 940 5538 dignitas
955 5463 1026 5548 est,
1055 5471 1182 5542 magna
1199 5447 1253 5518 vit
1409 5472 1542 5526 menam
1558 5471 1694 5543 aesotpu
1708 5479 1758 5525 eu.
