4666 6170
229 275 308 352 ets
590 263 849 346 SCRIPTA
878 264 953 344 All
988 261 1185 344 Vl'l'AM
1214 261 1283 345 ΕΤ
1317 269 1556 352 OBlTUM
1590 273 1890 360 MELANTH.
2188 285 2268 362 220

235 453 334 522 illins
359 444 504 528 ultima,
534 467 618 516 nam
640 469 681 517 ea
702 469 808 540 qnam
835 447 877 514 ad
914 441 1094 517 Pascbatis
1127 447 1222 515 diem
1276 449 1394 520 bendo
1410 451 1582 536 absolvit,
1604 455 1700 547 quod
1717 455 1884 528 ultimum
1904 469 1955 529 est
1971 481 2011 530 ex
2034 456 2078 532 ils
2109 481 2201 552 qnae
2225 459 2271 526 ad

235 551 475 624 meditabatur
503 549 672 639 impedita
695 550 783 628 fuit,
816 563 856 618 nt
879 561 998 640 postea
1020 551 1226 632 referemus,
1279 553 1456 641 publicam
1472 555 1657 625 lectionem
1672 560 1831 648 scripsit,
1857 577 1890 632 et
1910 562 2013 656 quale
2027 563 2074 632 sit
2089 585 2170 632 cum
2190 561 2269 632 edi-
2319 629 2325 638 .

237 657 339 745 Quae
353 653 433 721 ideo
452 651 556 722 etiam
572 651 946 736 commemoravimus,
962 665 1003 722 ut
1020 665 1184 722 constans
1192 644 1223 744 ὃ)
1277 669 1353 726 tum
1369 669 1477 741 extet,
1500 656 1654 746 legentes
1673 661 1894 738 iudicabunt.

234 757 392 830 studium
416 749 523 823 hrains
547 753 702 822 navandi
727 775 871 844 operam
889 747 1086 837 Ecclesiae,
1113 766 1147 823 ει
1168 775 1226 822 re-
1348 784 1394 854 (3,

236 863 303 930 bus
321 857 588 940 communibus,
614 869 647 925 et
671 854 854 943 diligentia
874 853 914 922 in
937 855 1055 924 officio
1080 869 1115 926 et
1138 854 1226 924 assi-
1379 803 1412 910 ll

236 961 354 1032 duitas
377 958 574 1028 industriae
600 957 822 1044 incredibilis
844 957 955 1046 magis
977 957 1227 1049 conspiciatur,

237 1087 318 1134 cum
335 1056 421 1131 baec
438 1061 608 1154 usquead
631 1072 827 1130 extremum
851 1059 1083 1149 praestiterit,
1106 1073 1143 1130 et
1156 1071 1228 1128 sta-

237 1167 392 1248 tionem,
423 1178 528 1255 atque
560 1161 678 1230 locum
704 1184 808 1232 stium
833 1183 923 1252 pene
945 1162 1105 1231 moriens
1127 1163 1228 1232 dese·

238 1290 316 1339 cere
337 1265 503 1336 uoluerit.
555 1261 623 1334 Die
647 1263 741 1332 enim
758 1276 881 1332 octava
906 1277 985 1356 post
1001 1277 1160 1334 mortuus
1177 1275 1228 1332 est

238 1385 278 1442 ut
293 1368 518 1451 narrabitur,
542 1389 632 1459 quae
649 1365 839 1436 celebratio
855 1365 899 1434 ad
919 1364 1010 1435 vitae
1024 1365 1135 1456 ipsius
1152 1387 1225 1434 non

239 1469 365 1540 mortis
380 1464 565 1539 historiam
587 1467 758 1558 pertinet,
785 1467 885 1538 stab
910 1467 988 1535 aliis
1014 1468 1101 1536 alibi
1125 1489 1228 1558 prae-

239 1573 403 1646 stabitur.
455 1569 540 1640 Post
563 1571 749 1639 meridiem
772 1569 924 1639 scribere
947 1569 1096 1660 incepit,
1130 1569 1227 1662 quod

238 1677 298 1746 die
312 1668 502 1744 Paschatos
522 1695 620 1740 more
639 1669 849 1742 Academiae
872 1684 905 1742 et
920 1667 1098 1740 Ecclesiae
1121 1665 1228 1740 buius

235 1775 437 1849 ‘solenniter
458 1786 726 1866 proponeretur.
788 1771 840 1844 De
865 1773 1012 1843 caeteris
1037 1769 1130 1844 nihil
1154 1765 1231 1840 rnc-¹
1384 1763 1527 1838 Cumin
1545 1768 1718 1860 templum
1735 1769 1962 1838 descenderet
1984 1769 2075 1840 illud
2099 1771 2274 1863 scriptum

239 1879 420 1950 minimus.
480 1875 556 1947 Sub
585 1888 724 1944 noctem
756 1868 863 1944 huius
885 1876 957 1944 diei
980 1876 1074 1946 inter
1097 1897 1228 1944 nonam
1282 1869 1375 1962 quod
1395 1870 1837 1962 proponendumdiximus
1854 1871 1892 1940 in
1910 1871 2087 1942 officinam
2105 1887 2275 1967 typogra-

240 1995 275 2052 et
300 1979 473 2050 decimam
498 1979 602 2048 multi
626 1992 710 2048 sunt
732 1977 801 2044 lide
827 1977 926 2068 digni
952 1973 1133 2060 homines,
1167 1975 1230 2069 qui
1283 1967 1423 2060 phicam
1449 1973 1549 2064 prius
1571 1973 1700 2044 detulit
1730 1997 1838 2064 quam
1860 1975 1903 2044 ad
1927 1975 2098 2065 templum
2122 1977 2274 2050 veniret.

240 2083 432 2153 affirmant·
451 2103 488 2150 se
519 2079 557 2148 in
586 2077 745 2150 ¹nubibus
774 2101 880 2170 supra
904 2081 1077 2170 oppidum
1104 2077 1230 2148 Wite·
1283 2071 1439 2143 Domum
1472 2097 1654 2157 reversus,
1694 2075 1733 2142 in
1767 2076 1919 2167 prandio
1953 2100 2079 2167 parum
2109 2081 2275 2165 comedit,

241 2188 387 2274 bergam
415 2183 637 2252 manifestam
670 2181 821 2270 speciem
845 2181 1025 2270 virgarum
1048 2183 1082 2248 in
1109 2201 1231 2272 scopas
1282 2200 1366 2244 mox
1382 2176 1533 2266 languor
1548 2199 1731 2267 augescere
1746 2192 1780 2248 et
1798 2191 1932 2248 caetera
1946 2180 2065 2247 omnia
2088 2179 2196 2248 febris
2212 2205 2271 2250 re-

241 2287 488 2377 colligatarum
509 2283 657 2368 vidisse,
690 2295 726 2352 et
750 2284 904 2374 primum
929 2284 1089 2377 quinque
1112 2283 1232 2365 fasces,
1284 2277 1853 2368 cursionemcertamsignilicare.
1903 2279 1988 2350 Post
2004 2281 2188 2351 meridiem
2204 2277 2274 2352 bo-

244 2391 306 2459 sed
331 2389 473 2458 duobus
504 2384 653 2454 celerius
680 2387 986 2467 evanescentibus,
1018 2398 1137 2477 postca
1157 2399 1232 2473 tres
1283 2404 1360 2450 ram
1385 2379 1525 2452 circite'r
1548 2382 1737 2452 secundam
1760 2381 1889 2452 iterum
1911 2381 1949 2452 in
1970 2381 2147 2454 officinam
2170 2398 2277 2480 typo·

199 2544 201 2552 .
245 2489 423 2562 distinctis
440 2489 567 2580 spaciis
582 2488 804 2578 apparuisse,
831 2488 879 2558 ita
895 2502 932 2558 ut
945 2489 1035 2556 rami
1052 2487 1231 2578 virgarum
1284 2475 1489 2574 graphicam
1504 2482 1610 2568 abiit,
1633 2497 1674 2554 ut
1688 2483 1824 2552 videret
1839 2485 1924 2576 quid
1947 2497 1981 2556 et
1994 2487 2176 2577 quomodo
2199 2488 2274 2557 ela·

245 2617 308 2664 seu
332 2613 518 2683 scoparum
541 2603 639 2682 parte
664 2590 842 2660 anteriore
858 2590 1112 2682 septentrioni,
1162 2584 1232 2658 Po·
1285 2588 1489 2670 horaretur,
1513 2609 1559 2654 ne
1573 2585 1604 2656 si
1620 2585 1837 2656 cessantibus
1853 2586 1970 2676 operis
1984 2587 2093 2658 editio
2119 2588 2276 2688 impedi-

246 2695 393 2766 steriore
428 2716 498 2786 qua
528 2693 760 2783 colligantur,
798 2707 917 2763 austro
950 2695 1233 2763 obverterentur.
1285 2700 1383 2758 retur
1408 2688 1575 2758 inusitata
1592 2687 1630 2756 in
1648 2684 1838 2756 Academia
1861 2689 2065 2760 deformitas
2079 2704 2280 2774 notaretur,

246 2799 300 2869 De
315 2821 385 2890 quo
399 2795 563 2887 prodigio
580 2819 659 2864 cum
678 2791 722 2864 D.
743 2789 930 2885 Philippus
946 2795 1158 2876 audivisset,
1184 2793 1231 2860 ita
1286 2804 1320 2862 ει
1330 2789 1489 2860 debitum
1507 2791 1583 2860 eius
1599 2790 1669 2859 diei
1685 2804 1720 2860 et
1734 2790 1901 2880 temporis
1910 2791 2067 2878 officium
2084 2816 2159 2863 non
2175 2817 2280 2885 prac-

246 2897 316 2970 hoc
339 2901 591 2988 interpretatus
615 2897 702 2975 fuit,
733 2911 773 2966 ut
805 2897 935 2966 diceret
970 2897 1072 2965 nobis
1106 2917 1234 2986 paenas
1285 2905 1457 2974 staretur,
1488 2907 1593 2986 atque
1628 2892 1666 2960 in
1688 2891 1840 2982 publicis
1873 2894 2026 2982 negotiis
2062 2895 2280 2987 negligentia

246 2999 414 3096 portendi
430 3011 604 3090 paternas,
630 2997 713 3090 quia
728 2998 846 3089 virgae
864 3011 998 3084 essent,
1024 2999 1154 3092 quihus
1172 3019 1235 3088 pa·
1287 2993 1402 3086 aliqua
1427 2994 1562 3086 culpari
1587 3008 1720 3086 posset,
1754 2988 1840 3064 baec
1865 2995 1991 3066 ultima
2022 2997 2118 3066 illius
2143 2999 2214 3070 fuit
2241 3001 2281 3068 in

247 3117 365 3178 rentes
383 3103 425 3172 ad
442 3101 572 3170 liberos
589 3112 756 3183 utuntur,
783 3125 854 3170 non
871 3101 1000 3191 gladii,
1026 3116 1060 3171 et
1080 3123 1116 3169 sc
1132 3098 1236 3169 steri·
1288 3096 1469 3188 publicum
1494 3096 1709 3189 progressio,
1742 3094 1833 3167 Nam
1856 3099 1961 3168 clomo
1988 3099 2049 3172 ille
2071 3121 2132 3169 sua
2158 3117 2280 3192 postea

246 3207 383 3277 litatem
401 3227 565 3290 agrorum
584 3216 740 3271 metuere
754 3203 982 3293 significabat.
1036 3201 1104 3275 Sed
1123 3196 1237 3271 hosti·
1289 3212 1438 3270 nonest
1462 3199 1799 3291 egressusamplius.
1852 3197 1928 3270 Sub
1953 3195 2021 3272 boc
2043 3215 2200 3294 tempus,
2227 3203 2280 3273 fe-

248 3312 318 3379 bns
357 3306 495 3376 dicebat
529 3305 736 3394 impendent
769 3307 955 3379 atrociora.
1022 3303 1235 3396 Saepissime
1288 3301 1392 3372 brilis
1414 3301 1637 3396 paroxysmi,
1679 3302 1780 3396 quasi
1805 3315 2046 3373 antecursores
2071 3305 2219 3396 quidam
2248 3307 2281 3375 ei

249 3434 335 3480 vero
357 3409 420 3478 ille
444 3419 526 3477 ante
550 3407 655 3476 etiam
681 3407 845 3478 morbum
863 3411 906 3476 de
922 3407 1136 3499 gravissimis
1152 3429 1237 3498 pae·
1289 3403 1428 3472 molesti
1451 3426 1543 3487 esse,
1576 3404 1747 3491 languor,
1779 3404 2011 3498 inquietudo,
2041 3406 2284 3488 oscitationes,

248 3514 307 3584 nis
321 3509 542 3594 concionari,
565 3522 668 3602 atque
683 3507 1080 3603 praedicere⁷)solebat
1097 3509 1238 3600 publice
1289 3519 1432 3580 artuum
1456 3506 1650 3578 contentio.
1713 3504 1833 3598 ltaque
1861 3507 1921 3576 ille
1957 3509 2214 3602 aliquantisper
2243 3512 2284 3580 in

249 3629 284 3686 ει
306 3613 493 3703 privatim,
519 3633 608 3704 quae
630 3611 741 3682 nostri
764 3611 871 3682 seculi
887 3613 1137 3702 petulantiam,
1161 3634 1237 3679 ma·
1290 3631 1472 3679 scamnum
1492 3609 1719 3694 decumbere,
1746 3633 1827 3677 mox
1843 3608 1926 3678 inde
1950 3632 2109 3700 surgere,
2135 3612 2173 3680 in
2200 3637 2288 3684 mu-

248 3717 389 3797 liciam,
414 3709 681 3804 profanitatem,
707 3713 909 3798 idolatrias,
933 3730 967 3786 et
994 3715 1130 3784 infinita
1164 3735 1239 3782 sce·
1291 3734 1369 3780 saeo
1391 3711 1588 3795 obversari,
1622 3711 1727 3782 etiam
1753 3710 1790 3780 in
1815 3735 2002 3782 commune
2025 3713 2192 3782 conclave
2219 3718 2288 3784 de-

210 3822 324 3894 .lera
349 3818 417 3888 alia
437 3817 645 3884 obruiturae
670 3829 800 3897 essent,
852 3815 975 3912 Neque
1002 3817 1237 3886 dubitandum
1292 3813 1478 3898 scandere,
1505 3828 1609 3904 atque
1632 3813 1801 3882 omnibus
1824 3814 1978 3902 gestibus
2004 3815 2094 3884 male
2115 3817 2186 3886 sibi
2208 3841 2288 3887 esse

250 3935 323 4005 est,
356 3917 472 3989 Deum
497 3917 704 4006 puniturum
729 3913 793 3986 bos
817 3943 950 4003 mores,
984 3933 1019 3990 et
1044 3914 1128 3987 baec
1150 3930 1240 3987 tem·
1291 3916 1486 3986 ostendere.
1537 3914 1613 3986 sut.
1630 3910 1754 3986 horam
1771 3939 1853 3984 vcro
1869 3929 2030 4009 quartam
2048 3917 2085 3986 in
2101 3918 2290 3990 infcriori-

251 4046 351 4114 pora.
401 4019 472 4091 Sed
487 4014 571 4090 laaec
588 4021 709 4089 omnia
725 4043 799 4088 non
816 4035 900 4092 sunt
915 4017 1021 4090 buius
1035 4017 1122 4093 toci.
1168 4017 1241 4088 No-
1292 4019 1359 4088 bus
1376 4018 1544 4107 gradibus
1559 4019 1731 4088 scalarum
1747 4019 1877 4112 quibus
1901 4018 1940 4087 in
1957 4016 2144 4090 Musaeum
2171 4021 2290 4112 ipsius

251 4141 344 4196 ctem
359 4135 563 4216 sequentem
587 4123 806 4191 commodam
826 4118 969 4208 habuit,
995 4137 1030 4194 et
1051 4124 1142 4191 bene
1157 4123 1240 4189 dor·
1292 4120 1510 4205 ascenditur,
1540 4121 1685 4202 ¹desedit
1715 4133 1819 4210 caput
1843 4145 1949 4190 manu
1971 4135 2171 4193 sustentans
2199 4126 2290 4194 nixa

183 4205 189 4212 ⁵
253 4225 375 4310 mivit,
400 4249 469 4317 qua
485 4225 657 4312 utipsum
674 4225 884 4294 referentem
900 4225 1103 4296 audivimus
1130 4225 1168 4291 in
1184 4227 1241 4290 so·
1294 4222 1423 4296 cubito.
1461 4219 1515 4292 Eo
1533 4235 1689 4315 tempore
1706 4215 1923 4292 Ionchs'mus
1937 4209 2179 4294 Camerarius
2197 4251 2291 4297 con-

254 4330 349 4398 mnis
369 4327 437 4396 sibi
459 4325 617 4396 accincre
633 4325 694 4395 illa
711 4327 817 4396 verba
833 4327 930 4395 visus
947 4327 1030 4396 fuit:
1058 4324 1241 4396 Desiderio
1293 4325 1392 4392 fectis
1410 4324 1506 4393 domi
1526 4326 1675 4415 publicis
1688 4326 1804 4417 operis
1821 4325 1865 4392 ad
1876 4327 2062 4394 visendum
2074 4323 2291 4420 Philippum

254 4429 452 4501 desideravi
483 4432 696 4497 manducare
719 4429 902 4498 vobiscum
930 4423 996 4498 hoc
1016 4423 1169 4507 Pascha,
1199 4427 1243 4494 iis
1294 4425 1414 4516 Lipsia
1439 4451 1644 4512 excurrens,
1671 4422 1741 4496 huc
1767 4428 1881 4506 venit,
1912 4440 1946 4496 ει
1969 4429 2114 4498 dotncun
2140 4428 2293 4502 ttletan-

254 4531 372 4602 modis
384 4531 514 4624 quibus
538 4530 574 4598 in
601 4530 742 4618 templis
757 4553 846 4620 puer
863 4531 950 4624 olim
968 4531 1183 4613 accinuerat,
1210 4541 1245 4599 et
1297 4523 1417 4598 tbonis
1435 4529 1637 4616 ingrediens
1661 4530 1708 4600 ita
1728 4529 1766 4596 in
1787 4530 1956 4620 gradibus
1980 4531 2158 4600 sedentem
2184 4533 2292 4604 inve-

255 4659 296 4706 ea
310 4657 346 4702 se
361 4631 589 4702 contentione
605 4632 700 4701 vocis
716 4655 840 4712 usum,
858 4647 897 4701 ut
915 4633 1040 4721 ipsese
1057 4634 1101 4700 de
1118 4655 1243 4702 somno
1297 4631 1362 4703 nit.
1412 4627 1573 4724 Cumque
1590 4631 1867 4730 consalutassent
1886 4631 1980 4701 inter
1994 4655 2050 4716 se,
2076 4633 2182 4725 paulo
2207 4653 2292 4726 post

257 4737 443 4814 excitaret,
471 4735 566 4823 quod
585 4733 693 4822 igitur
714 4734 803 4804 benc
827 4735 1068 4820 dormivisset,
1095 4733 1246 4804 surrexit
1298 4733 1365 4801 sub
1382 4727 1505 4802 boram
1520 4733 1679 4824 quintam
1695 4735 1803 4802 fcb'cis
1822 4746 1948 4828 quarto
1975 4735 2086 4824 caepit
2100 4737 2295 4830 παροξυν-

259 4863 278 4907 ε
303 4817 393 4907 lecto
417 4835 546 4904 decimi
566 4835 662 4906 tertii
680 4831 838 4924 Aprilis,
865 4837 900 4905 id
922 4851 993 4922 est,
1021 4835 1148 4908 lduum
1177 4836 1246 4904 diei
1299 4833 1415 4926 θῆναι
1433 4835 1615 4902 invasione
1634 4835 1827 4906 manifesta.
1875 4832 1997 4929 ltaque
2016 4839 2109 4930 quod
2129 4832 2197 4909 hoc
2213 4843 2296 4910 vel-

260 4937 349 5016 bora
366 4938 538 5008 matutina
555 4938 657 5008 tertia
673 4939 717 5006 ad
736 4939 992 5009 absolvendum
1015 4939 1184 5028 scriptum
1203 4937 1248 5005 il·
1301 4937 1367 5021 let,
1396 4937 1511 5006 statim
1535 4937 1572 5004 in
1596 4937 1763 5006 lectulum
1786 4952 1837 5008 est
1852 4938 2036 5010 abductus.
2092 4937 2141 5010 lta
2170 4957 2297 5012 autem

259 5043 341 5123 lud,
368 5043 411 5109 de
429 5065 500 5134 quo
516 5039 688 5125 diximus,
708 5045 802 5134 quod
825 5042 883 5111 die
906 5037 1094 5110 Paschatos
1117 5063 1249 5132 propo·
1302 5039 1467 5108 invadere
1493 5063 1572 5107 cum
1596 5039 1704 5108 febris
1726 5041 1861 5110 solebat
1882 5053 1923 5110 ut
1942 5035 2128 5110 horrorem
2143 5043 2299 5136 quidem

259 5157 422 5226 neruus,
461 5139 572 5236 ldque
593 5142 666 5210 illis
691 5155 766 5212 tum
790 5144 974 5214 matutinis
997 5139 1095 5213 boris
1119 5143 1250 5214 descti-
1300 5141 1505 5230 frigutiens,
1529 5154 1568 5210 ut
1583 5138 1749 5210 Plautino
1764 5143 1874 5212 verbo
1888 5157 1988 5224 utar,
2015 5144 2161 5214 sentiret
2185 5148 2297 5217 valde

427 5299 464 5312 ..
1303 5267 1442 5333 gravem
1460 5255 1493 5312 ει
1509 5243 1713 5329 molestum,
1738 5247 1799 5312 sed
1815 5243 1876 5337 qui
1892 5258 2008 5320 tamen
2025 5269 2099 5316 non
2121 5261 2212 5318 esset
2236 5275 2304 5320 ex-

295 5390 327 5450 6)
345 5385 679 5452 oomtmslaticuated
706 5387 733 5441 2,
1211 5403 1213 5408 .
1305 5368 1383 5434 pers
1407 5344 1538 5414 interni
1561 5358 1675 5414 aestus
1698 5346 1880 5418 cuiusdam
1903 5359 1936 5416 et
1959 5348 2084 5434 alieni,
2118 5373 2234 5444 aquo
2264 5367 2304 5423 ει

294 5449 325 5540 7⁸)
343 5477 523 5540 praedicere]
543 5473 589 5530 gg
607 5479 630 5529 t.
648 5427 827 5542 Qum
1277 5447 1281 5528 1
1308 5447 1380 5538 ipse
1398 5446 1505 5518 simul
1521 5447 1753 5536 affligeretur,
1780 5472 1889 5542 quare
1902 5442 2059 5542 ἡπιαλόν
2077 5473 2151 5520 esse
2173 5455 2301 5546 suspi-

1415 783 1491 840 uitur
1507 803 1582 842 nnnc
1598 787 1700 858 pagella
1715 790 1927 860 publicumve,
1946 811 2028 865 quam
2042 791 2166 850 dedimus
2184 793 2219 850 sd
2240 793 2269 851 d.

1413 895 1420 910 .
1437 854 1558 926 Aprilis,
1578 875 1658 928 quarn
1673 856 1756 928 igitur
1769 859 1812 916 laic
1828 862 2020 930 praetermisi.)

1379 1011 1483 1084 Hanc
1516 1027 1634 1084 antem
1668 1015 1762 1087 diem
1796 1019 1997 1111 pridianam
2022 1017 2215 1094 Pascbatos
2247 1049 2268 1094 a

1278 1117 1401 1187 multis
1418 1116 1490 1186 iam
1506 1118 1609 1186 annis
1624 1143 1762 1189 servare
1777 1121 1931 1208 solebat,
1958 1149 2027 1218 qua
2050 1147 2146 1195 sacra
2169 1151 2271 1196 com-

1279 1219 1450 1288 munione
1465 1231 1643 1306 uteretur,
1696 1221 1817 1318 ltaque
1838 1227 1883 1296 ad
1902 1228 2109 1296 concionem
2124 1227 2162 1296 in
2179 1241 2272 1299 tem-

1280 1320 1378 1412 plum
1394 1320 1516 1415 oppidi
1534 1323 1716 1394 descendit
1731 1339 1765 1395 et
1781 1328 2031 1422 mysteriorum
2053 1329 2214 1422 corporis
2236 1344 2272 1401 ct

1280 1423 1462 1512 sanguinis
1478 1417 1612 1494 Christi
1634 1427 1776 1518 publice
1803 1449 1884 1499 cum
1909 1430 2032 1502 multis
2059 1431 2139 1500 aliis
2158 1433 2273 1524 parti-

1281 1549 1363 1617 ceps
1377 1526 1490 1595 factus
1506 1539 1568 1597 cst.
