4552 6178
1923 7 2079 14 w———
2102 9 2275 16 ——-...—....

68 288 143 364 988
524 287 841 384 ALLOQUlh
891 289 967 368 ET
1017 285 1251 368 BREVES
1302 282 1660 366 concinnus.
2034 296 2110 372 984

170 459 321 556 Agimus
340 463 452 556 igitur
472 465 602 558 'gratias
626 467 732 538 etiam
756 465 935 538 illustriss.
951 465 1058 536 Prin·
1082 472 1084 480 ’
1108 461 1382 554 opinionemve
1394 462 1764 556 mammetintietu
1775 475 1830 540 eat
1844 475 1973 542 usura
1986 461 2105 540 hnmi-
2137 537 2140 544 t

70 567 159 662 cipi,
191 565 288 654 Duci
307 565 487 642 saxoniae
514 567 855 656 loanni,Friderico
890 565 1058 654 Electori,
1108 566 1184 652 nis,
1209 579 1244 638 et
1258 563 1335 638 Dan
1350 566 1537 658 displicet,
1559 579 1597 640 et
1622 567 1718 659 parit
1741 565 1906 658 ingentes
1921 571 2103 644 calamita-

69 673 165 768 quod
190 696 269 742 cum
297 671 470 763 singulari
497 669 627 764 pietate
650 673 849 742 doctrinam
875 666 1057 762 religionis
1108 682 1173 742 tas.
1234 665 1355 758 Quare
1393 670 1638 762 mgistratns,
1676 671 1885 762 praesertim
1918 674 2097 762 eruditus,

67 788 209 846 tueatur
232 785 267 844 et
291 773 388 844 velut
411 769 606 867 hospitium
641 764 847 872 exulanti¹)
880 766 1057 846 Ecclesiae
1107 785 1245 842 summa
1258 780 1365 856 cure,
1391 770 1563 864 singulari
1580 773 1731 844 consilis
1746 785 1852 868 etque
1867 787 1943 851 asle
1959 775 2101 848 flectere

64 878 241 970 praebeat.
299 869 482 966 Rogamus
504 871 641 964 Deum,
674 891 715 948 ut
741 877 896 948 vicissim
916 873 1056 952 Princi-
1108 873 1368 946 animosdebet
1395 878 1439 948 ad
1462 875 1579 967 legum
1594 878 2099 970 mmeuacqueaduiraue

63 1005 146 1074 pem
171 977 288 1074 ipsum
312 993 347 1050 et
374 971 466 1050 hauc
488 979 662 1050 ditionem
688 979 856 1051 defendat
878 1006 919 1051 ac
933 982 1057 1053 'servet
1108 989 1207 1050 nem·
1245 973 1439 1050 Haeccum
1455 977 1588 1069 cogito,
1604 991 1732 1050 etcum
1748 979 2100 1076 considero,quanta

64 1083 310 1180 tranquillam.
362 1078 514 1174 Agimus
548 1079 631 1153 item
665 1081 795 1174 gratias
828 1081 1055 1154 ornatissimo
1107 1079 1153 1150 sit
1173 1079 1210 1150 in
1229 1074 1360 1152 scholis
1379 1074 1450 1152 hnc
1466 1094 1625 1172 tempore
1642 1081 1862 1174 perturbatio
1878 1083 2100 1176 disciplinae,

62 1183 144 1256 viro
174 1183 325 1271 domino
349 1179 529 1270 Antonio,
563 1183 677 1276 legato
707 1182 923 1258 nobilissimi
944 1180 1056 1276 Regis
1108 1196 1239 1276 quauta
1253 1179 1417 1268 lieentia,
1442 1183 1580 1274 ingenti
1595 1184 1719 1255 dolore
1735 1183 1880 1260 allicior.
1933 1183 1987 1258 An
2006 1183 2098 1258 mihi

61 1285 236 1378 Angliae‚
269 1285 430 1382 cupienti
463 1311 655 1382 propagare
676 1302 710 1358 et
742 1313 870 1360 ornare
893 1283 1056 1380 Evange-
1105 1284 1177 1354 iam
1202 1280 1393 1356 horribiles
1413 1309 1546 1378 poenas
1575 1287 1776 1380 prospicere
1798 1286 1920 1358 animo
1957 1289 2097 1377 videor,

59 1391 168 1464 lium.
220 1387 361 1462 Deinde
383 1389 520 1482 agimus
539 1391 668 1480 gratias
684 1405 719 1464 et
734 1391 921 1482 magnifico
938 1389 1055 1462 domi·
1107 1387 1238 1480 quibus
1250 1383 1350 1463 Deras
1373 1382 1465 1460 hane
1485 1391 1746 1460 contnmcism
1762 1391 1898 1482 puniet.
1950 1389 2098 1486 Semper

60 1519 111 1564 nn
135 1487 374 1580 Vicerectori,
402 1493 607 1564 doctoribus
633 1485 850 1586 theologicae
878 1493 1055 1566 facultatis
1106 1489 1203 1560 enim
1221 1490 1492 1562 dissolutionem
1509 1491 1908 1584 publicamdisciplinae
1923 1491 1963 1564 in
1979 1495 2097 1566 omui-

61 1592 195 1668 nostris
210 1595 515 1690 praeceptoribus,
540 1595 670 1666 deiude
685 1611 879 1668 ceterarum
906 1597 1055 1668 faculta-
1107 1593 1172 1664 bus
1187 1589 1399 1686 llebuspnb.
1422 1607 1563 1666 secutae
1588 1609 1674 1668 sunt
1691 1595 1849 1666 exitiales
1869 1595 2095 1674 mutationes.

61 1713 140 1770 tum
166 1699 330 1770 omnium
352 1700 632 1793 professoribus,
672 1701 899 1772 auditoribus
923 1709 958 1770 et
980 1721 1054 1768 ma·
1108 1691 1231 1790 ltaque
1256 1697 1319 1767 etsi
1346 1697 1521 1768 malebam
1544 1693 1604 1770 bic
1629 1700 1675 1770 de
1707 1697 1826 1788 legum
1851 1697 2025 1789 dignitate
2060 1714 2096 1774 et

61 1802 201 1892 gistris,
228 1793 429 1896 hospitibus
447 1827 487 1872 ac
504 1797 742 1888 scholasticis,
769 1817 804 1874 et
821 1803 971 1894 singulis
987 1825 1054 1872 no·
1105 1797 1211 1868 laude
1233 1799 1370 1872 dicere:
1400 1801 1692 1894 tamenquadam
1715 1801 1752 1870 vi
1769 1801 1906 1872 doloris
1922 1801 2094 1892 adducor,

60 1917 130 1976 stra
156 1903 289 1988 olficia,
315 1905 344 1976 si
368 1931 437 2000 qua
463 1905 501 1974 in
527 1918 724 1998 regnatum
749 1905 825 1976 fieri
850 1908 899 1976 eis
913 1932 933 1978 a
949 1905 1053 1975 nubis
1105 1915 1146 1972 ut
1169 1901 1280 1992 magis
1301 1902 1487 1994 deplorare
1508 1916 1643 1974 tantam
1663 1927 1806 1973 morum
1829 1903 2093 1994 corruptionem

61 2003 212 2102 poterit,
240 2007 444 2082 deferimus.
494 2003 591 2078 Diri.
1106 2026 1222 2094 cogar.
1272 2003 1369 2078 Deae
1390 2005 1468 2076 vult
1486 2027 1552 2076 suo
1573 2005 1683 2076 verbo
1704 2005 1778 2096 regi
1804 1999 1985 2092 homines,
2011 2008 2093 2080 ideo

167 2155 225 2232 14,
242 2155 462 2250 septembri,
485 2183 582 2228 ,nno
607 2154 718 2234 1535·
735 2154 855 2230 habim
874 2157 1054 2232 ΨΜ,
1106 2105 1200 2196 leges
1213 2106 1329 2192 dedit,
1349 2119 1384 2178 et
1398 2101 1586 2180 hominum
1599 2121 1719 2180 coetus
1739 2107 1975 2194 consociavit,
1990 2133 2095 2200 prae..

159 2261 289 2350 bagae
314 2261 352 2330 in
368 2261 441 2332 mei
461 2275 496 2332 a
514 2257 709 2357 marma.
723 2257 892 2334 mum.
910 2287 1054 2356 promo·
1105 2207 1190 2327 iecit
1202 2210 1426 2300 magistratus
1438 2209 1559 2300 legum
1573 2211 1756 2330 pastorias,
1773 2211 1912 2284 addidit
1927 2209 2093 2332 etEvan-
2215 2249 2219 2256 ·

274 2360 488 2438 ωωω
506 2359 783 2456 πωπω).
1106 2311 1387 2486 ausu
1668 2325 1898 2506 sazau
1913 2315 2093 2490 'tata

1105 2509 1263 2600 scholas,
1287 2515 1352 2586 ubi
1366 2441 1603 2588 adolescentia
1627 2517 1807 2588 excolatur
1821 2519 2003 2606 doctrina,
2027 2522 2092 2592 ubi

977 2615 982 2628 '
1104 2615 1258 2690 studiosi
1284 2617 1424 2691 discant
1452 2631 1599 2710 propter
1622 2619 1841 2690 voluntatem
1868 2617 1958 2706 Dei,
1990 2633 2093 2696 utet

848 2743 852 2754 ’
879 2777 929 2824 au.
948 2762 1041 2826 1537.
1103 2742 1179 2788 sese
1195 2732 1229 2790 et
1245 2719 1335 2790 alios
1351 2719 1495 2791 erudire
1510 2721 1664 2812 possint,
1691 2735 1726 2792 et
1742 2723 2004 2794 conservantia
2021 2737 2091 2795 ter.

70 2754 237 2880 Q

874 2851 1046 2881 Μ

133 2974 163 3030 lu
176 2923 337 3046 Quieatioa·
355 2973 388 3030 ala
403 2972 493 3031 sam
509 2973 592 3031 editis
602 2993 629 3046 p.
643 2971 717 3030 167⁶
727 2991 790 3048 sqq.

68 3137 194 3212 (lentio
226 3136 396 3212 Reducis
427 3132 543 3208 Aond.
573 3133 700 3210 uates.
738 3143 828 3210 nuta
857 3135 1053 3214 lectionem

364 3247 616 3330 statutorum,
645 3234 756 3316 1537.

59 3374 152 3461 Non
178 3403 230 3460 est
253 3391 404 3460 obscura
427 3412 549 3474 causa,
576 3415 686 3486 quare
702 3389 904 3464 institutum
921 3395 984 3479 sit,
1009 3407 1051 3466 ut

59 3493 200 3587 saepius
224 3491 421 3564 recitentur
445 3487 658 3564 Academiae
679 3495 783 3583 leges
838 3493 1048 3567 Curandum

56 3610 109 3666 est
134 3595 253 3681 enim,
277 3591 412 3676 uthis,
438 3595 502 3689 qui
524 3609 627 3666 antea
649 3621 725 3666 non
748 3597 965 3670 audiverunt
980 3623 1050 3685 eas,

55 3713 165 3771 notae
186 3699 295 3786 liant,
326 3698 457 3792 nequi
481 3699 650 3770 labantur
671 3699 885 3790 ignorantia.
935 3697 983 3773 Et
1010 3703 1049 3775 in

56 3803 270 3872 universum
288 3802 449 3892 prodest,
477 3825 580 3893 saepe
598 3803 704 3872 etiam
723 3801 1049 3894 voceMagistratns

52 3903 246 3977 admoneri
267 3927 392 3974 omnes
413 3906 458 3974 de
479 3904 598 3994 legum
618 3905 809 3995 dignitate,
842 3920 876 3977 et
897 3909 1048 3978 neceni·

52 4021 145 4091 tate,
176 4007 221 4076 de
239 4005 447 4099 disciplina,
480 4021 514 4075 et
535 4006 582 4076 'de
604 4008 829 4093 obedientia,
856 4033 963 4102 quarn
980 4009 1048 4082 ,iu-

51 4125 188 4184 ventus
209 4109 314 4180 debet
332 4109 471 4200 legibus
493 4121 640 4200 propter
663 4107 794 4184 Deum.
853 4108 919 4187 Est
952 4113 1048 4183 enim

49 4215 175 4306 prima
190 4213 322 4296 virtus,
348 4227 384 4284 et
404 4207 499 4284 haud
522 4213 633 4284 dubie
655 4214 777 4286 nutris
800 4215 952 4288 aliarum
975 4217 1049 4290 via·

49 4331 200 4401 tutum,
226 4314 425 4386 maerentia
439 4335 519 4404 erga
540 4315 644 4404 leges.
696 4315 818 4406 Quare
840 4313 926 4390 haec
945 4343 1046 4412 prae·

52 4421 161 4514 cipua
193 4441 277 4488 cura
309 4417 472 4488 omnium
499 4414 793 4508 Magistratuum,
826 4421 1049 4515 maximeque

51 4523 282 4596 eruditomm
308 4541 381 4618 esse
398 4519 521 4600 debet,
547 4533 587 4592 ut
611 4523 772 4594 assuefiat
795 4524 960 4596 iuventus
981 4519 1049 4596 hn-

51 4625 206 4698 norilice
220 4621 352 4692 sentire
371 4622 417 4692 de
439 4622 596 4714 leguas,
620 4624 665 4694 de
693 4624 860 4718 imperio,
886 4629 930 4700 de
946 4643 1050 4698 antu-

49 4731 163 4802 ritate
187 4724 470 4818 magistratuum.
529 4723 620 4796 Nam
647 4726 814 4800 iuventus
838 4731 1050 4802 naturaliter

51 4833 134 4902 odit
160 4829 280 4920 legum
299 4827 460 4908 vincula,
486 4839 522 4898 et
546 4831 774 4923 quorundam
799 4846 895 4904 tanta
918 4847 971 4906 est
997 4833 1050 4904 ie-

50 4935 174 5016 rncia,
188 4944 228 5002 ut
241 4931 421 5026 quandam
438 4929 662 5004 fortitudinis
677 4933 820 5006 laudem
836 4959 909 5006 esse
918 4939 1051 5010 ducant

49 5047 302 5126 contemptum
321 5033 440 5124 legum
462 5049 496 5104 et
518 5035 670 5126 imperii.
723 5033 822 5110 Haec
848 5037 1051 5112 immanitas

50 5199 276 5219 μὴ

83 5283 117 5351 2)
143 5279 217 5338 eoa.
232 5277 289 5336 Oh.
301 5277 378 5334 hahet
393 5279 550 5344 exultanti,
568 5291 597 5334 ss
611 5283 723 5338 mendo.

84 5365 264 5492 8>¹hlsrgiql
277 5365 451 5487 'imiluh'ii
464 5375 519 5485 pppp
543 5367 629 5488 ipodis
642 5370 952 5495 eaetpltntinuiprcrueh..
982 5373 1052 5428 Cae·

121 5453 432 5572 &timebitis
450 5446 803 5577 im⁰ua¹iiil=,.i⁰i''
843 5443 985 5514 ¹'‘⁰¹⁰⁸''‘
1003 5461 1051 5497 ⁰‘'

1105 2821 1319 2894 risverbum
1336 2817 1424 2904 liei,
1451 2823 1561 2914 leges,
1585 2833 1622 2893 et
1643 2846 1766 2894 omnes
1785 2837 1877 2894 artes
1903 2828 1994 2898 vitae
2017 2827 2090 2898 uti·

1103 2923 1166 2998 les.
1219 2921 1318 3014 Qnid
1342 2920 1411 2996 hoc
1431 2927 1559 2998 ordine
1579 2925 1707 2998 melius
1734 2949 1775 2997 ee
1791 2919 1975 3018 pulchrius
1992 2931 2090 3020 cogi-

1104 3027 1172 3100 tari
1192 3027 1331 3120 potest?
1382 3027 1454 3100 Sed
1475 3031 1520 3102 ad
1548 3023 1642 3100 hane
1667 3029 1858 3119 imaginem
1890 3047 2090 3122 comparate

1103 3151 1235 3224 quaeso
1253 3125 1394 3202 scholae
1407 3125 1514 3204 huius
1527 3129 1660 3202 aetatis.
1711 3129 1905 3226 Nunquam
1921 3133 2089 3206 iuventus

1103 3245 1176 3304 tam
1198 3233 1386 3324 impatiens
1408 3233 1526 3324 legutn
1550 3238 1586 3304 et
1600 3233 1808 3324 disciplinae
1832 3233 1918 3320 fuit,
1944 3259 2089 3326 prorsus

1103 3357 1168 3406 suo
1191 3335 1358 3422 arbitrio,
1381 3359 1459 3406 non
1476 3335 1619 3422 alieno,
1645 3337 1723 3408 vult
1746 3336 1877 3411 visere.
1929 3337 2089 3410 Verbum

1101 3435 1169 3508 Dei
1187 3451 1220 3508 et
1235 3437 1327 3529 leges
1342 3439 1459 3508 surdis
1477 3439 1623 3511 auribus
1637 3440 1800 3512 andimu.
1835 3436 1919 3512 Non
1934 3441 2089 3532 cogitant
2232 3515 2241 3532 ,
2273 3505 2274 3533 ,

1102 3542 1345 3632 magistratum
1363 3541 1536 3614 divinitus
1552 3541 1637 3633 ipsis
1658 3541 1968 3634 impositumesse.
2019 3543 2089 3617 so-

1101 3643 1213 3715 lidam
1236 3655 1271 3714 et
1293 3644 1466 3734 integram
1500 3645 1700 3714 doctrinam
1724 3646 2008 3739 quotusquisque
2028 3671 2088 3716 es·

1101 3745 1212 3837 petit?
1262 3744 1419 3834 Quidam
1455 3749 1650 3838 decerpunt
1683 3746 1830 3840 aliquid,
1859 3771 1902 3818 es
1941 3749 2090 3834 artibus,

1101 3849 1194 3942 quod
1219 3849 1471 3942 adquaestum
1497 3857 1615 3940 postea
1636 3851 1841 3934 conserent,
1867 3851 2089 3944 aliiprorsus

1101 3946 1195 4020 nihil
1212 3951 1365 4023 discunt.
1418 3947 1489 4024 Vis
1504 3951 1570 4022 ulli
1586 3953 1760 4041 cogitant,
1786 3975 1847 4024 sua
1865 3954 1982 4030 studia
2005 3977 2088 4048 per-

1100 4053 1215 4126 tinere
1229 4053 1272 4124 ad
1294 4052 1443 4142 gloriam
1458 4051 1544 4139 llei,
1569 4055 1612 4124 ad
1628 4051 1845 4138 Ecclesiam,
1872 4057 1917 4126 ad
1938 4057 2089 4148 posteri·

1101 4169 1220 4228 tatem.
1271 4151 1369 4226 Haec
1393 4155 1708 4247 negligentiarum
1731 4181 1795 4249 per
1820 4179 1894 4228 sese
1916 4157 1963 4228 sit
1981 4183 2088 4250 grave

1100 4257 1296 4348 flagitium,
1319 4269 1437 4330 tamen
1460 4259 1574 4350 gignit
1597 4259 1666 4330 alia
1690 4273 1829 4350 peccata
1851 4261 1975 4352 plura,
2003 4263 2088 4356 quia

1101 4361 1220 4432 ocium
1246 4359 1340 4452 parit
1366 4359 1468 4434 vicia.
1525 4357 1656 4434 Schola
1686 4363 1840 4434 delaebat
1872 4363 1988 4454 imago
2015 4387 2089 4435 esse

1101 4457 1464 4544 eoelestisEcelesiae‚
1489 4465 1574 4558 quia
1589 4465 1640 4534 ibi
1656 4479 1785 4537 sonant
1802 4465 1990 4558 praecipue
2007 4491 2088 4538 ver·

1100 4567 1186 4636 bum
1210 4561 1280 4636 Dei
1303 4577 1337 4636 et
1359 4565 1461 4656 leges.
1515 4563 1557 4636 ln
1579 4561 1699 4638 schola
1714 4581 1797 4640 arnt
1813 4567 2001 4640 uminaria
2016 4565 2089 4640 Ee·

1102 4667 1228 4738 clesiae
1252 4681 1287 4738 et
1307 4665 1554 4758 lmperior‘um.
1612 4667 1736 4759 Quare
1757 4670 1893 4763 optima
1913 4671 2089 4756 doctrina,

1101 4769 1245 4864 optimis
1275 4771 1436 4844 moribus
1463 4772 1641 4842 assuefieri
1664 4773 1886 4845 iuventutem
1916 4775 2088 4866 oportuit,

1102 4872 1192 4946 utin
1207 4867 1364 4944 Ecclesia
1382 4874 1560 4944 illustrare
1580 4875 1729 4964 gloriam
1744 4873 1833 4960 Dei,
1857 4888 1893 4946 et
1904 4875 1946 4948 in
1963 4875 2089 4970 ltepu-

1102 4975 1195 5048 blica
1215 4976 1307 5048 tueri
1330 4991 1538 5048 ornaments
1563 4971 1740 5052 humanae
1760 4979 1936 5050 estimatis
1958 4993 2088 5070 posset,

1104 5078 1258 5159 indicia,
1292 5072 1460 5150 honestus
1492 5099 1627 5166 mores,
1666 5103 1804 5172 pacem,
1839 5081 2088 5152 educationem

1104 5194 1209 5276 atque
1223 5179 1768 5258 iustitutionemtedolaseentiae.
1819 5179 1876 5255 Ad
1897 5177 2092 5254 bastantes

1103 5305 1161 5354 res
1183 5285 1387 5377 praeparari
1410 5309 1473 5356 vos
1491 5283 1592 5358 ,neas
1611 5287 1650 5356 ln
1674 5279 1805 5356 scholis
1832 5283 1956 5356 voluit.
2007 5284 2090 5356 Non

1106 5385 1234 5476 degitis
1256 5387 1395 5480 privato
1419 5387 1569 5459 consilio
1592 5390 1630 5458 iu
1644 5383 1865 5470 Academiis,
1889 5388 1950 5458 sed
1963 5388 2088 5465 divina

1102 5487 1305 5662 vocqtione,
1332 5505 1363 5562 et
1387 5487 1622 5586 Reipublicae
1638 5491 1885 5573 uidinatinue,
1912 5489 1996 5582 quia
2015 5505 2090 5562 stu·

1197 5589 1248 5661 pe
