4588 6176
254 239 330 314 623
995 237 1314 320 CARMINUM
1363 239 1471 318 LIB.
1498 244 1578 326 lll.
2181 275 2232 354 sps

259 413 327 486 No.
342 414 429 488 278.

264 512 444 550 νην

327 607 411 682 Apud
432 607 556 663 Viueeot.
577 623 604 679 p.
620 604 656 660 98
671 621 714 677 sq.

260 775 507 876 Epitaphium
528 780 713 870 scriptum
737 771 787 848 D.
819 779 1009 852 Hieron.
1044 775 1255 880 Sohurff,

636 879 748 950 Doot.
765 879 878 951 luris.

261 1029 397 1104 Doctor
414 1039 491 1100 erat
507 1025 600 1098 luris
615 1039 795 1116 praestans
811 1024 1055 1124 Hieronymus
1070 1045 1156 1118 arte,

313 1131 475 1210 lusticia‚
501 1127 637 1220 ingenii
654 1128 813 1210 viribus,
840 1145 945 1223 atque
962 1131 1042 1203 lide.

1072 443 1121 484 au.
1142 418 1240 492 1555.
1307 415 1377 491 No.
1395 415 1483 488 280.
1786 468 1788 480 ·
1847 527 1852 532 Ι
2107 465 2147 514 tn.
2160 451 2223 518 1554.

1037 510 1487 548 ww

2074 536 2229 582 Q

1376 614 1459 688 Apud
1473 612 1557 671 vtae.
1578 631 1606 687 p.
1622 617 1650 673 4.
1668 631 1695 678 et
1708 620 1824 696 Scriptis
1835 627 1911 700 publ.
1924 628 1957 688 Τ.
1973 629 2007 686 ll.
2022 651 2047 706 p.
2059 633 2096 692 55.

1579 785 1640 856 De
1663 790 1837 882 vagiente
1860 790 2040 867 Ecclesia.

1309 915 1458 990 Aeterni
1474 922 1518 991 de
1535 933 1652 990 mente
1668 921 1778 1012 patris
1794 924 1967 1014 sapientia
1983 941 2076 1014 nata,

1360 1019 1405 1091 ln
1420 1047 1489 1116 qua
1508 1021 1642 1094 Mundi
1659 1047 1806 1114 operum
1823 1025 1921 1097 fulsit
1937 1027 2013 1098 idea
2031 1031 2120 1100 noxi:

1310 1121 1358 1196 Et
1377 1149 1467 1217 quae
1485 1126 1649 1198 distinxit
1666 1125 1878 1217 pulcerrima
1902 1155 2046 1222 corpora
2062 1159 2175 1218 reum.

262 1231 513 1309 Schurfiadum
528 1233 572 1302 de
583 1231 691 1322 stirpe
706 1243 822 1317 satus,
848 1256 939 1326 quae
957 1235 1050 1304 clara
1068 1259 1132 1326 per
1146 1229 1258 1328 Alpes
1362 1221 1412 1298 El
1427 1227 1530 1300 lussit
1544 1229 1676 1299 format
1691 1227 1829 1317 singula
1847 1225 1975 1300 babere
1989 1255 2079 1306 suas:

252 1365 257 1386 ·
311 1335 531 1418 Helvetieas.
556 1345 719 1404 numerat
737 1335 853 1402 secula
871 1335 981 1420 multa
999 1350 1152 1426 patrum.

260 1437 343 1514 Iura
359 1436 537 1510 enarravit
552 1435 674 1506 lustris
687 1434 742 1504 bis
757 1435 935 1528 quinque,
966 1461 1031 1508 nec
1046 1439 1145 1517 ullus

314 1538 484 1620 Ostendit
498 1539 615 1608 tontes
632 1537 839 1606 dexteritate
854 1539 943 1630 pari.

260 1641 431 1714 Consiliis
447 1640 534 1710 rexit
553 1639 632 1710 fidis
650 1639 870 1733 populosque
885 1641 1083 1736 ducesque,

313 1743 452 1816 Lumen
469 1743 564 1812 euim
583 1738 675 1810 luris
690 1741 859 1832 temporis
874 1736 982 1814 buius
998 1759 1084 1820 erat.

263 1845 372 1918 Hunc
387 1845 492 1916 etiam
507 1842 648 1936 sapiens
663 1841 791 1914 Caesar
807 1843 971 1934 diguatus
986 1841 1125 1920 honore
1140 1863 1192 1922 est

314 1947 483 2032 Carolus,
516 1943 661 2038 lmperii
683 1944 746 2038 qui
760 1948 867 2017 modo
885 1961 1019 2040 sceptra
1035 1963 1144 2026 tenet.

1310 1326 1413 1400 llaec
1429 1331 1552 1400 eadem
1567 1333 1605 1400 in
1615 1329 1738 1423 parvis
1761 1331 1854 1420 vagit
1870 1335 2041 1426 sapientia
2056 1339 2157 1426 cunis,

1362 1430 1519 1502 Naturae
1534 1446 1676 1504 nostrae
1693 1433 1850 1504 membra
1869 1437 1999 1506 tenella
2011 1460 2130 1528 gerens.

1311 1533 1371 1605 Sic
1386 1557 1589 1630 quanquam
1607 1535 1767 1604 infundit
1782 1559 1818 1604 se
1834 1550 1954 1607 nostra
1973 1539 2010 1608 in
2021 1557 2158 1632 pectora,
2174 1547 2234 1612 ndis

1362 1635 1533 1706 Nondum
1550 1661 1584 1706 se
1602 1649 1713 1708 totam
1729 1660 1873 1708 cernere
1889 1663 1991 1732 posse
2006 1643 2106 1716 dedit.

1312 1735 1361 1811 Ut
1375 1752 1493 1808 tamen
1509 1740 1549 1808 iu
1565 1739 1668 1808 nobis
1685 1737 1758 1810 sint
1772 1753 1890 1810 tardae
1906 1745 2049 1814 exordia
2064 1745 2151 1814 lucis:

1363 1837 1553 1934 Tanquam
1571 1841 1709 1932 vagitus
1725 1841 1889 1932 dogmata
1903 1845 2018 1936 prima
2033 1861 2134 1920 sonat.

1291 1929 1294 1936 ¹
1311 1939 1393 2014 Non
1404 1945 1558 2032 spernis,
1579 1965 1782 2036 quanquam
1793 1945 1974 2032 infirmos,
1995 1948 2231 2020 sidebitacrednt

263 2049 436 2146 Quaeque
454 2050 547 2140 leget
560 2047 707 2116 veniens
723 2059 835 2133 aetas,
853 2067 1085 2124 monumenta
1100 2053 1258 2148 reliquit,
1364 2039 1418 2112 Te
1434 2037 1551 2140 λύτρα
1567 2071 1630 2138 pro
1648 2045 1753 2114 nobis
1770 2041 1911 2118 Christe
1928 2049 2064 2122 dedisse
2077 2053 2161 2144 patri.

314 2151 518 2226 Multorum
534 2149 661 2220 studiis
674 2151 834 2240 proderit
849 2149 914 2222 iste
929 2153 1043 2230 labor.

266 2255 431 2328 lusticiae
449 2275 522 2324 esse
537 2249 653 2322 Deum
671 2253 805 2322 sontem
826 2253 909 2344 quia
925 2269 1073 2326 noverat
1090 2259 1224 2351 ipsum,

318 2355 366 2428 Ut
380 2369 472 2428 recte
488 2366 607 2423 nosset
621 2352 771 2422 maxima
788 2376 870 2422 cura
887 2355 967 2426 fuit.

267 2459 493 2550 lustificaque
509 2456 577 2524 lide
595 2454 735 2546 capiens
751 2468 810 2526 tua
828 2480 976 2526 munera
989 2454 1151 2543 Christe,

317 2559 438 2633 Solius
453 2571 505 2627 est
519 2558 620 2628 cuius
636 2570 735 2647 parta
752 2581 877 2628 cruore
891 2559 996 2630 salus.

267 2663 361 2736 Vera
378 2663 455 2732 luce
470 2656 585 2730 Deum
601 2659 764 2748 agnovit,
793 2661 1027 2758 precibusque
1043 2667 1203 2752 vocavit,

317 2763 365 2836 Et
376 2777 490 2834 rectae
505 2761 585 2830 fidei
604 2784 759 2850 congrua
776 2762 848 2831 vita
866 2763 968 2835 fuit.-

266 2866 386 2960 lpsius
400 2860 469 2935 hoc
483 2863 622 2934 tumulo
638 2862 864 2956 requiescunt
878 2865 1034 2936 molliter
1049 2891 1145 2956 ossa,

321 2967 441 3050 Vivit,
467 2979 657 3058 conspectu
674 2987 775 3036 mens
792 2965 995 3061 fruiturque
1011 2965 1091 3040 Dei.

855 3207 1263 3230 *moa-*ununqu-

269 3376 450 3506 Q

339 3573 422 3648 Apud
431 3571 513 3630 Viuo.
526 3593 554 3648 p.
564 3571 598 3630 55
610 3589 654 3644 sq·
671 3579 698 3625 et
711 3569 740 3626 io
755 3569 823 3627 Mel.
838 3571 942 3629 Consil.
956 3569 1003 3626 lat.
1018 3569 1049 3629 P.
1060 3569 1095 3626 ll.
1113 3591 1141 3646 p.
1154 3571 1217 3630 855.

412 3749 474 3820 De
494 3755 620 3820 matre
645 3748 873 3842 conopaeo,
907 3745 1045 3821 Mutet.
1062 3745 1122 3824 15.

272 3903 439 3996 Quantus
456 3911 530 3968 erat
546 3897 650 3966 dolor
664 3898 701 3966 in
718 3893 904 3968 Cananaea
923 3913 1034 3970 matre
1051 3901 1188 3992 puella,

323 4001 435 4075 Cuius
449 4023 550 4070 mens
564 3999 667 4068 furiis
685 4000 854 4088 exagitata
870 4000 954 4070 suit:

273 4107 317 4180 ln
334 4119 435 4178 tanto
453 4125 549 4173 nunc
568 4115 619 4170 est
634 4097 790 4170 Ecclesia
807 4115 938 4172 moesta
955 4103 1098 4190 dolore,

323 4206 521 4280 Doctorum
537 4204 647 4274 lorias
662 4227 743 4272 cum
758 4203 873 4284 videt.
898 4217 1003 4297 atque
1016 4202 1168 4281 Ducum.

273 4311 343 4386 Sed
361 4324 399 4378 tu
419 4321 522 4398 gnate
538 4305 603 4378 Dei
620 4305 771 4395 gemitus
785 4305 906 4376 audito
926 4323 1150 4398 precantum,

322 4410 429 4482 Nulla
444 4409 544 4480 venit
558 4407 662 4478 nobis
681 4407 799 4479 tenisi
816 4409 923 4478 dante
940 4409 1044 4481 salus.

273 4511 333 4586 Tu
347 4509 471 4604 procul
486 4535 504 4578 a
520 4513 624 4580 nobis
640 4533 761 4580 saevos
777 4509 914 4603 depelle
928 4511 1084 4594 furores,

325 4613 374 4688 Et
389 4635 489 4684 sanes
505 4613 613 4681 verbo
631 4625 770 4704 pectora
786 4627 906 4682 nostra
924 4627 996 4687 tuo.

273 4716 448 4808 Quamvis
466 4715 517 4784 ira
536 4713 590 4786 tui
607 4737 672 4783 nos
691 4727 792 4804 urget
808 4715 899 4786 iusta
919 4715 1094 4807 parentis,

324 4817 371 4890 Et
386 4839 507 4889 sumus
523 4828 560 4886 ut
579 4828 699 4906 turpes
715 4839 781 4886 nos
796 4841 853 4886 rea
870 4817 973 4888 turba
990 4841 1112 4904 canes,

273 4917 438 4992 Attamen
454 4933 496 4990 ut
512 4917 636 4990 timide
652 4917 719 4986 sub
737 4941 857 4990 mensa
876 4933 992 5012 captat
1010 4913 1136 5008 herili,

323 5017 495 5092 Esuriens
509 5019 665 5089 modicas
683 5043 788 5108 parva
803 5022 926 5091 catella
942 5023 1068 5113 dapes:

272 5123 332 5198 Sic
349 5147 428 5192 cum
444 5125 521 5191 dira
535 5123 644 5190 fames
659 5133 800 5190 nostros
814 5123 1022 5194 absumserit
1039 5139 1155 5212 artus,

320 5222 375 5295 De
392 5247 510 5293 mensa
530 5220 680 5314 petimus
694 5223 824 5313 pabula
840 5219 983 5296 Christe
997 5241 1069 5298 tua.

272 5325 391 5398 Gnate
407 5323 472 5396 Dei
489 5324 627 5416 generis
643 5323 755 5396 nostri
774 5349 853 5396 cum
872 5329 1038 5398 sumseris
1055 5340 1173 5414 artus,

314 5427 393 5500 Nos
407 5442 504 5518 gerat
518 5427 679 5498 infirmos
694 5423 780 5498 haec
797 5441 855 5500 tua
870 5453 982 5500 massa
999 5453 1134 5522 precor.

1312 2138 1372 2215 Ah
1389 2170 1514 2240 precor
1528 2147 1677 2217 infirmis
1690 2148 1783 2218 adsis
1797 2163 1837 2220 ut
1851 2152 2052 2240 mentibus,
2076 2167 2161 2248 atquc

1361 2243 1555 2320 Doctrinae
1573 2249 1692 2320 foveas
1709 2251 1844 2320 semina
1862 2276 1983 2344 sparsa
2002 2267 2090 2330 tuae.

1311 2345 1408 2420 Dum
1425 2363 1485 2420 tua
1501 2374 1537 2420 se
1557 2365 1666 2423 totam
1685 2353 1817 2443 pandet
1832 2355 2005 2447 sapientia
2020 2357 2133 2444 uobis,

1361 2448 1481 2546 Atque
1496 2468 1632 2546 patrem
1649 2453 1742 2526 clara
1762 2455 1841 2526 luce
1856 2457 1978 2530 videre
1995 2461 2100 2534 dabit.

1314 2549 1469 2642 Quando
1485 2555 1625 2628 mortali
1644 2557 1827 2626 solventur
1844 2585 1983 2630 carcere
2000 2579 2141 2646 mentes,

1328 2697 1333 2705 ·
1364 2651 1410 2726 Et
1425 2659 1514 2727 duce
1529 2673 1563 2730 te
1579 2657 1668 2729 coeli
1683 2659 1839 2730 culmina
1858 2663 1948 2734 celsa
1966 2680 2092 2756 petent.

1313 2752 1453 2828 Christe
1473 2775 1534 2832 tuo
1550 2761 1712 2832 exulibus
1729 2761 1879 2852 patriam
1897 2777 1935 2836 tu
1953 2769 2116 2858 sanguine
2133 2761 2213 2842 reddis,

1362 2858 1470 2930 Nulla
1488 2863 1586 2934 veuit
1601 2865 1706 2934 nobis
1724 2861 1778 2933 Te
1794 2865 1863 2934 nisi
1879 2867 1988 2941 dante
2003 2871 2103 2940 salus.

1321 3079 2224 3108 *Rq-...W

1313 3219 1383 3294 No.
1401 3223 1503 3342 ²⁸¹⁶„
2121 3261 2158 3302 sn,
2173 3235 2223 3296 tut.

1316 3319 1485 3354 w

1096 3401 1145 3442 ⁸¹¹·
1167 3381 1262 3448 1554·
1383 3398 1500 3454 Versuss
1525 3402 1594 3468 „Ut
1607 3403 1682 3470 gerit
1701 3410 1863 3472 agnorum”
1875 3416 1944 3473 etc..
1968 3427 2038 3481 quos
2054 3409 2124 3464 tine.
2137 3403 2230 3460 neside

1082 3471 1255 3500 Μ

1418 3489 1519 3542 quaere
1536 3473 1564 3524 in
1578 3473 1656 3533 epist.
1673 3471 1735 3528 Vol.
1751 3474 1821 3534 tttt.
1835 3495 1861 3547 p.
1875 3477 1937 3535 809.

1308 3643 2227 3692 *W

1313 3805 1380 3877 No.
1397 3807 1483 3880 282.
1804 3811 1806 3816 ’
2118 3841 2156 3882 aa.
2175 3811 2226 3878 tta.

1320 3905 1497 3953 W
2114 3901 2233 3960 W

1384 4003 1518 4058 Carsxseos
1545 4003 1646 4073 „thes
1662 4009 1702 4058 ud
1719 4001 1861 4076 Visurgim
1870 4007 1887 4030 ”
1901 4021 1971 4076 etc.,
2000 4013 2072 4084 quod
2089 4013 2154 4068 Vise.
2166 3974 2249 4066 ocule

1414 4074 1475 4144 bet,
1500 4091 1600 4144 quaere
1614 4073 1642 4128 iu
1659 4075 1726 4132 utet.
1739 4095 1799 4150 epp.
1816 4077 1880 4131 Vol.
1897 4079 1968 4134 Vlll.
1992 4103 2018 4155 p.
2031 4082 2089 4140 515,

1317 4261 1426 4278 —n-J-
1443 4271 1580 4278 -·-·..-·--
1845 4281 2107 4295 ---·..--...-a.0--
2120 4279 2165 4290 --·

1314 4411 1381 4484 No.
1397 4413 1485 4488 283.
1570 4491 1573 4498 ,
2118 4457 2158 4498 su.
2174 4425 2227 4492 llil·

1316 4507 1498 4564 Μ
2120 4513 2234 4572 see-t

1384 4613 1825 4756 *ettat‘ttetx4ra
1846 4624 2015 4754 tarsae
2032 4618 2234 4764 lateant

1419 4755 1529 4812 erravit.
1565 4755 1603 4808 Ex
1622 4759 1688 4814 Mel.
1708 4760 1830 4830 epistolis
1851 4763 1912 4821 Vol.
1926 4766 2000 4826 Vlll.
2022 4761 2234 4842 pessinuntis·

1360 4851 1363 4858 ·
1415 4822 1468 4878 boe
1490 4843 1601 4880 acmen
1620 4845 1645 4884 s.
1659 4829 1737 4882 tsst.
1756 4829 1860 4888 laetum
1879 4843 1906 4888 et
1924 4837 2050 4896 Proreus
2067 4839 2161 4894 missso
2174 4847 2214 4886 υ»

1499 4983 1561 5054 De
1580 4985 1687 5057 Mose
1705 4995 1946 5080 percutiente
1960 5009 2116 5092 petrosa.

1315 5126 1397 5219 Qua
1412 5131 1555 5222 regione
1568 5132 1730 5209 Arabum
1746 5141 1834 5213 fines
1849 5143 1971 5218 Sin-aia
1987 5173 2087 5241 rupes

1366 5225 1529 5320 Claudit,
1563 5249 1598 5308 et
1616 5239 1769 5314 incultas
1784 5247 1910 5338 aspicit
1926 5250 1993 5320 alta
2009 5253 2130 5344 plagas:

1313 5327 1430 5424 Aegra
1449 5336 1507 5408 siti
1524 5336 1688 5434 lymphas
1706 5347 1834 5418 mediis
1849 5355 2038 5444 quaerebat
2052 5349 2152 5424 aunis

1366 5433 1466 5508 Gens
1481 5465 1523 5510 ex
1538 5440 1695 5516 lsaeidae
1712 5453 1845 5524 semiue
1860 5469 1941 5530 nata
1958 5457 2074 5548 patris.
