<?xml version="1.0" encoding="UTF-8"?>
<!DOCTYPE html PUBLIC "-//W3C//DTD XHTML 1.0 Transitional//EN"
    "http://www.w3.org/TR/xhtml1/DTD/xhtml1-transitional.dtd">
<html xmlns="http://www.w3.org/1999/xhtml" xml:lang="en" lang="en">
 <head>
  <title>
</title>
<meta http-equiv="Content-Type" content="text/html;charset=utf-8" />
  <meta name='ocr-system' content='tesseract 3.04.00' />
  <meta name='ocr-capabilities' content='ocr_page ocr_carea ocr_par ocr_line ocrx_word'/>
</head>
<body>
  <div class='ocr_page' id='page_1' title='image "./philippimelanth10bindgoog_0493.png"; bbox 0 0 4686 6172; ppageno 0'>
   <div class='ocr_carea' id='block_1_1' title="bbox 112 353 2147 454">
    <p class='ocr_par' dir='ltr' id='par_1_1' title="bbox 112 353 2147 454">
     <span class='ocr_line' id='line_1_1' title="bbox 112 353 2147 454; baseline 0.005 -21"><span class='ocrx_word' id='word_1_1' title='bbox 112 358 188 433; x_wconf 73' lang='lat'><strong>929</strong></span> <span class='ocrx_word' id='word_1_2' title='bbox 557 353 876 454; x_wconf 73' lang='lat' dir='ltr'><strong>annotiula</strong></span> <span class='ocrx_word' id='word_1_3' title='bbox 928 357 1003 436; x_wconf 79' lang='grc' dir='ltr'><strong>ΕΤ</strong></span> <span class='ocrx_word' id='word_1_4' title='bbox 1025 420 1031 433; x_wconf 89' lang='grc'><strong><em>.</em></strong></span> <span class='ocrx_word' id='word_1_5' title='bbox 1053 355 1285 436; x_wconf 74' lang='lat' dir='ltr'><strong>BDEVES</strong></span> <span class='ocrx_word' id='word_1_6' title='bbox 1336 353 1690 439; x_wconf 66' lang='lat' dir='ltr'><strong>conatuum</strong></span> <span class='ocrx_word' id='word_1_7' title='bbox 2068 369 2147 446; x_wconf 70' lang='lat'><strong>930</strong></span> 
     </span>
    </p>
   </div>
   <div class='ocr_carea' id='block_1_2' title="bbox 103 523 2190 4964">
    <p class='ocr_par' dir='ltr' id='par_1_2' title="bbox 103 523 2190 4524">
     <span class='ocr_line' id='line_1_2' title="bbox 114 523 2145 624; baseline 0.005 -24"><span class='ocrx_word' id='word_1_8' title='bbox 114 527 231 614; x_wconf 89' lang='lat' dir='ltr'><strong>enim,</strong></span> <span class='ocrx_word' id='word_1_9' title='bbox 252 551 317 598; x_wconf 84' lang='lat' dir='ltr'><strong>vos</strong></span> <span class='ocrx_word' id='word_1_10' title='bbox 331 537 530 620; x_wconf 78' lang='lat' dir='ltr'><strong>pro&#39;restre</strong></span> <span class='ocrx_word' id='word_1_11' title='bbox 544 523 919 606; x_wconf 85' lang='lat' dir='ltr'><strong>summabumanitate</strong></span> <span class='ocrx_word' id='word_1_12' title='bbox 935 530 1103 604; x_wconf 82' lang='lat' dir='ltr'><strong>volunta·</strong></span> <span class='ocrx_word' id='word_1_13' title='bbox 1156 525 1457 609; x_wconf 65' lang='lat' dir='ltr'><strong>moriemurne</strong></span> <span class='ocrx_word' id='word_1_14' title='bbox 1486 527 1677 610; x_wconf 74' lang='lat' dir='ltr'><strong>omnibus,</strong></span> <span class='ocrx_word' id='word_1_15' title='bbox 1714 553 1868 624; x_wconf 90' lang='lat' dir='ltr'><strong>quorum</strong></span> <span class='ocrx_word' id='word_1_16' title='bbox 1892 533 2065 610; x_wconf 87' lang='lat' dir='ltr'><strong>beneficio</strong></span> <span class='ocrx_word' id='word_1_17' title='bbox 2087 540 2145 610; x_wconf 86' lang='lat' dir='ltr'><strong>usi</strong></span> 
     </span>
     <span class='ocr_line' id='line_1_3' title="bbox 112 629 2144 729; baseline 0.006 -29"><span class='ocrx_word' id='word_1_18' title='bbox 112 644 184 700; x_wconf 90' lang='lat' dir='ltr'><strong>tem</strong></span> <span class='ocrx_word' id='word_1_19' title='bbox 207 654 321 702; x_wconf 90' lang='lat' dir='ltr'><strong>meam</strong></span> <span class='ocrx_word' id='word_1_20' title='bbox 345 631 557 722; x_wconf 75' lang='lat' dir='ltr'>probaturos</span> <span class='ocrx_word' id='word_1_21' title='bbox 579 653 673 717; x_wconf 89' lang='lat' dir='ltr'><strong>esse,</strong></span> <span class='ocrx_word' id='word_1_22' title='bbox 706 632 844 704; x_wconf 90' lang='lat' dir='ltr'><strong>etiamsi</strong></span> <span class='ocrx_word' id='word_1_23' title='bbox 875 633 914 702; x_wconf 92' lang='lat' dir='ltr'><strong>in</strong></span> <span class='ocrx_word' id='word_1_24' title='bbox 940 632 1103 708; x_wconf 88' lang='lat' dir='ltr'><strong>oratioue</strong></span> <span class='ocrx_word' id='word_1_25' title='bbox 1155 651 1298 712; x_wconf 69' lang='lat' dir='ltr'><strong>tumus,</strong></span> <span class='ocrx_word' id='word_1_26' title='bbox 1328 633 1569 702; x_wconf 77' lang='lat' dir='ltr'><strong>ostendamus.</strong></span> <span class='ocrx_word' id='word_1_27' title='bbox 1628 629 1711 722; x_wconf 88' lang='lat' dir='ltr'><strong>Qua</strong></span> <span class='ocrx_word' id='word_1_28' title='bbox 1733 635 1772 702; x_wconf 93' lang='lat' dir='ltr'><strong>in</strong></span> <span class='ocrx_word' id='word_1_29' title='bbox 1795 657 1834 704; x_wconf 90' lang='lat' dir='ltr'><strong>re</strong></span> <span class='ocrx_word' id='word_1_30' title='bbox 1857 637 2015 729; x_wconf 89' lang='lat' dir='ltr'><strong>primum</strong></span> <span class='ocrx_word' id='word_1_31' title='bbox 2038 643 2144 713; x_wconf 88' lang='lat' dir='ltr'><strong>venia</strong></span> 
     </span>
     <span class='ocr_line' id='line_1_4' title="bbox 113 726 2141 838; baseline 0.005 -35"><span class='ocrx_word' id='word_1_32' title='bbox 113 733 267 804; x_wconf 88' lang='lat' dir='ltr'><strong>multum</strong></span> <span class='ocrx_word' id='word_1_33' title='bbox 284 732 544 809; x_wconf 89' lang='lat' dir='ltr'><strong>desiderabitis.</strong></span> <span class='ocrx_word' id='word_1_34' title='bbox 595 731 811 829; x_wconf 78' lang='lat' dir='ltr'><strong>Quanquam</strong></span> <span class='ocrx_word' id='word_1_35' title='bbox 832 735 933 808; x_wconf 90' lang='lat' dir='ltr'><strong>cuius</strong></span> <span class='ocrx_word' id='word_1_36' title='bbox 954 751 1007 808; x_wconf 89' lang='lat' dir='ltr'><strong>est</strong></span> <span class='ocrx_word' id='word_1_37' title='bbox 1022 750 1103 808; x_wconf 92' lang='lat' dir='ltr'><strong>tan·</strong></span> <span class='ocrx_word' id='word_1_38' title='bbox 1155 726 1246 808; x_wconf 86' lang='lat' dir='ltr'><strong>mibi</strong></span> <span class='ocrx_word' id='word_1_39' title='bbox 1262 733 1497 824; x_wconf 88' lang='lat' dir='ltr'><strong>petendaest,</strong></span> <span class='ocrx_word' id='word_1_40' title='bbox 1512 733 1608 827; x_wconf 88' lang='lat' dir='ltr'><strong>quod</strong></span> <span class='ocrx_word' id='word_1_41' title='bbox 1625 757 1700 806; x_wconf 84' lang='lat' dir='ltr'><strong>uon</strong></span> <span class='ocrx_word' id='word_1_42' title='bbox 1713 735 1849 828; x_wconf 89' lang='lat' dir='ltr'><strong>possirn</strong></span> <span class='ocrx_word' id='word_1_43' title='bbox 1865 741 2063 838; x_wconf 85' lang='lat' dir='ltr'><strong>orationem</strong></span> <span class='ocrx_word' id='word_1_44' title='bbox 2078 771 2141 836; x_wconf 85' lang='lat' dir='ltr'><strong>pa-</strong></span> 
     </span>
     <span class='ocr_line' id='line_1_5' title="bbox 112 835 2141 934; baseline 0.006 -29"><span class='ocrx_word' id='word_1_45' title='bbox 112 850 191 908; x_wconf 91' lang='lat' dir='ltr'><strong>tum</strong></span> <span class='ocrx_word' id='word_1_46' title='bbox 210 835 332 906; x_wconf 90' lang='lat' dir='ltr'><strong>lumen</strong></span> <span class='ocrx_word' id='word_1_47' title='bbox 351 835 504 924; x_wconf 88' lang='lat' dir='ltr'><strong>ingenii,</strong></span> <span class='ocrx_word' id='word_1_48' title='bbox 526 848 624 911; x_wconf 90' lang='lat' dir='ltr'><strong>tauta</strong></span> <span class='ocrx_word' id='word_1_49' title='bbox 642 837 1101 931; x_wconf 86' lang='lat' dir='ltr'><strong>eloquentia,nteabene·</strong></span> <span class='ocrx_word' id='word_1_50' title='bbox 1153 857 1228 904; x_wconf 91' lang='lat' dir='ltr'><strong>rem</strong></span> <span class='ocrx_word' id='word_1_51' title='bbox 1248 835 1489 925; x_wconf 87' lang='lat' dir='ltr'><strong>magnitudini</strong></span> <span class='ocrx_word' id='word_1_52' title='bbox 1510 835 1670 906; x_wconf 82' lang='lat' dir='ltr'><strong>beneficii</strong></span> <span class='ocrx_word' id='word_1_53' title='bbox 1694 836 1866 914; x_wconf 86' lang='lat' dir='ltr'><strong>invenire.</strong></span> <span class='ocrx_word' id='word_1_54' title='bbox 1919 842 2019 934; x_wconf 86' lang='lat' dir='ltr'><strong>Quid</strong></span> <span class='ocrx_word' id='word_1_55' title='bbox 2044 848 2141 918; x_wconf 90' lang='lat' dir='ltr'><strong>enim</strong></span> 
     </span>
     <span class='ocr_line' id='line_1_6' title="bbox 113 937 2142 1044; baseline 0.007 -35"><span class='ocrx_word' id='word_1_56' title='bbox 113 939 212 1025; x_wconf 87' lang='lat' dir='ltr'><strong>licia,</strong></span> <span class='ocrx_word' id='word_1_57' title='bbox 237 961 328 1032; x_wconf 90' lang='lat' dir='ltr'><strong>quae</strong></span> <span class='ocrx_word' id='word_1_58' title='bbox 342 939 494 1010; x_wconf 92' lang='lat' dir='ltr'><strong>studiosi</strong></span> <span class='ocrx_word' id='word_1_59' title='bbox 515 963 535 1010; x_wconf 91' lang='lat' dir='ltr'><strong>a</strong></span> <span class='ocrx_word' id='word_1_60' title='bbox 557 939 664 1010; x_wconf 86' lang='lat' dir='ltr'><strong>bonis</strong></span> <span class='ocrx_word' id='word_1_61' title='bbox 686 941 894 1014; x_wconf 90' lang='lat' dir='ltr'><strong>doctoribus</strong></span> <span class='ocrx_word' id='word_1_62' title='bbox 914 940 1103 1032; x_wconf 88' lang='lat' dir='ltr'><strong>accipiunt,</strong></span> <span class='ocrx_word' id='word_1_63' title='bbox 1154 937 1195 1008; x_wconf 90' lang='lat' dir='ltr'><strong>in</strong></span> <span class='ocrx_word' id='word_1_64' title='bbox 1213 937 1314 1022; x_wconf 83' lang='lat' dir='ltr'><strong>omni</strong></span> <span class='ocrx_word' id='word_1_65' title='bbox 1330 937 1401 1008; x_wconf 87' lang='lat' dir='ltr'><strong>vita</strong></span> <span class='ocrx_word' id='word_1_66' title='bbox 1416 951 1531 1030; x_wconf 90' lang='lat' dir='ltr'><strong>potest</strong></span> <span class='ocrx_word' id='word_1_67' title='bbox 1546 939 1611 1012; x_wconf 91' lang='lat' dir='ltr'><strong>ulli</strong></span> <span class='ocrx_word' id='word_1_68' title='bbox 1630 939 1790 1014; x_wconf 90' lang='lat' dir='ltr'><strong>accidere</strong></span> <span class='ocrx_word' id='word_1_69' title='bbox 1804 945 2018 1035; x_wconf 72' lang='lat' dir='ltr'><strong>optabilius,</strong></span> <span class='ocrx_word' id='word_1_70' title='bbox 2034 973 2142 1044; x_wconf 89' lang='lat' dir='ltr'><strong>quarn</strong></span> 
     </span>
     <span class='ocr_line' id='line_1_7' title="bbox 112 1039 2141 1138; baseline 0.007 -28"><span class='ocrx_word' id='word_1_71' title='bbox 112 1067 182 1134; x_wconf 89' lang='lat' dir='ltr'><strong>pro</strong></span> <span class='ocrx_word' id='word_1_72' title='bbox 217 1041 390 1132; x_wconf 88' lang='lat' dir='ltr'><strong>dignitate</strong></span> <span class='ocrx_word' id='word_1_73' title='bbox 430 1041 634 1133; x_wconf 88' lang='lat' dir='ltr'><strong>praedicare</strong></span> <span class='ocrx_word' id='word_1_74' title='bbox 667 1055 773 1138; x_wconf 91' lang='lat' dir='ltr'><strong>atque</strong></span> <span class='ocrx_word' id='word_1_75' title='bbox 806 1067 935 1114; x_wconf 90' lang='lat' dir='ltr'><strong>ornare</strong></span> <span class='ocrx_word' id='word_1_76' title='bbox 967 1043 1103 1134; x_wconf 83' lang='lat' dir='ltr'><strong>possit?</strong></span> <span class='ocrx_word' id='word_1_77' title='bbox 1154 1051 1195 1110; x_wconf 91' lang='lat' dir='ltr'><strong>ut</strong></span> <span class='ocrx_word' id='word_1_78' title='bbox 1225 1039 1512 1112; x_wconf 77' lang='lat' dir='ltr'><strong>doctissimorum</strong></span> <span class='ocrx_word' id='word_1_79' title='bbox 1546 1055 1581 1112; x_wconf 88' lang='lat' dir='ltr'><strong>et</strong></span> <span class='ocrx_word' id='word_1_80' title='bbox 1610 1043 1919 1118; x_wconf 88' lang='lat' dir='ltr'><strong>ornatissimorum</strong></span> <span class='ocrx_word' id='word_1_81' title='bbox 1952 1043 2141 1126; x_wconf 88' lang='lat' dir='ltr'><strong>hominum</strong></span> 
     </span>
     <span class='ocr_line' id='line_1_8' title="bbox 113 1137 2143 1246; baseline 0.005 -32"><span class='ocrx_word' id='word_1_82' title='bbox 113 1142 216 1233; x_wconf 83' lang='lat' dir='ltr'><strong>Quae</strong></span> <span class='ocrx_word' id='word_1_83' title='bbox 240 1143 530 1216; x_wconf 78' lang='lat' dir='ltr'><strong>enim-benebeia</strong></span> <span class='ocrx_word' id='word_1_84' title='bbox 551 1143 688 1216; x_wconf 88' lang='lat' dir='ltr'><strong>maiora</strong></span> <span class='ocrx_word' id='word_1_85' title='bbox 712 1169 753 1216; x_wconf 87' lang='lat' dir='ltr'><strong>ac</strong></span> <span class='ocrx_word' id='word_1_86' title='bbox 774 1145 922 1218; x_wconf 87' lang='lat' dir='ltr'><strong>meliora</strong></span> <span class='ocrx_word' id='word_1_87' title='bbox 940 1147 1101 1220; x_wconf 76' lang='lat' dir='ltr'><strong>conferre</strong></span> <span class='ocrx_word' id='word_1_88' title='bbox 1153 1141 1287 1212; x_wconf 88' lang='lat' dir='ltr'><strong>iudicio</strong></span> <span class='ocrx_word' id='word_1_89' title='bbox 1306 1143 1493 1234; x_wconf 92' lang='lat' dir='ltr'><strong>probatus,</strong></span> <span class='ocrx_word' id='word_1_90' title='bbox 1519 1143 1557 1212; x_wconf 93' lang='lat' dir='ltr'><strong>in</strong></span> <span class='ocrx_word' id='word_1_91' title='bbox 1573 1137 1670 1216; x_wconf 88' lang='lat' dir='ltr'><strong>hunc</strong></span> <span class='ocrx_word' id='word_1_92' title='bbox 1684 1145 1848 1227; x_wconf 82' lang='lat' dir='ltr'><strong>ordinem</strong></span> <span class='ocrx_word' id='word_1_93' title='bbox 1863 1151 2048 1241; x_wconf 88' lang='lat' dir='ltr'><strong>dignitatis</strong></span> <span class='ocrx_word' id='word_1_94' title='bbox 2066 1157 2143 1246; x_wconf 89' lang='lat' dir='ltr'><strong>ple-</strong></span> 
     </span>
     <span class='ocr_line' id='line_1_9' title="bbox 111 1234 2142 1348; baseline 0.007 -34"><span class='ocrx_word' id='word_1_95' title='bbox 111 1240 279 1318; x_wconf 84' lang='lat' dir='ltr'><strong>homines</strong></span> <span class='ocrx_word' id='word_1_96' title='bbox 302 1234 514 1320; x_wconf 89' lang='lat' dir='ltr'><strong>bominibus</strong></span> <span class='ocrx_word' id='word_1_97' title='bbox 532 1261 702 1342; x_wconf 87' lang='lat' dir='ltr'><strong>possunt,</strong></span> <span class='ocrx_word' id='word_1_98' title='bbox 738 1271 844 1341; x_wconf 91' lang='lat' dir='ltr'><strong>quam</strong></span> <span class='ocrx_word' id='word_1_99' title='bbox 869 1243 964 1318; x_wconf 90' lang='lat' dir='ltr'><strong>hanc</strong></span> <span class='ocrx_word' id='word_1_100' title='bbox 987 1261 1101 1320; x_wconf 80' lang='lat' dir='ltr'><strong>rectae</strong></span> <span class='ocrx_word' id='word_1_101' title='bbox 1155 1269 1260 1330; x_wconf 89' lang='lat' dir='ltr'><strong>num,</strong></span> <span class='ocrx_word' id='word_1_102' title='bbox 1285 1239 1547 1318; x_wconf 69' lang='lat' dir='ltr'><strong>honestissimis</strong></span> <span class='ocrx_word' id='word_1_103' title='bbox 1566 1245 1744 1337; x_wconf 82' lang='lat' dir='ltr'><strong>suffragiis</strong></span> <span class='ocrx_word' id='word_1_104' title='bbox 1768 1253 1997 1326; x_wconf 75' lang='lat' dir='ltr'><strong>traducatur?</strong></span> <span class='ocrx_word' id='word_1_105' title='bbox 2049 1255 2142 1348; x_wconf 90' lang='lat' dir='ltr'><strong>Quis</strong></span> 
     </span>
     <span class='ocr_line' id='line_1_10' title="bbox 110 1347 2139 1443; baseline 0.005 -24"><span class='ocrx_word' id='word_1_106' title='bbox 110 1349 296 1422; x_wconf 87' lang='lat' dir='ltr'><strong>doctrinae</strong></span> <span class='ocrx_word' id='word_1_107' title='bbox 310 1351 645 1430; x_wconf 88' lang='lat' dir='ltr'><strong>adnunciationem,</strong></span> <span class='ocrx_word' id='word_1_108' title='bbox 672 1373 741 1443; x_wconf 88' lang='lat' dir='ltr'><strong>qua</strong></span> <span class='ocrx_word' id='word_1_109' title='bbox 758 1361 831 1422; x_wconf 91' lang='lat' dir='ltr'><strong>tota</strong></span> <span class='ocrx_word' id='word_1_110' title='bbox 847 1351 919 1422; x_wconf 83' lang='lat' dir='ltr'><strong>sita</strong></span> <span class='ocrx_word' id='word_1_111' title='bbox 937 1350 1100 1422; x_wconf 87' lang='lat' dir='ltr'><strong>contine·</strong></span> <span class='ocrx_word' id='word_1_112' title='bbox 1153 1347 1258 1426; x_wconf 80' lang='lat' dir='ltr'><strong>euim.</strong></span> <span class='ocrx_word' id='word_1_113' title='bbox 1270 1349 1482 1438; x_wconf 87' lang='lat' dir='ltr'><strong>non·plurir</strong></span> <span class='ocrx_word' id='word_1_114' title='bbox 1494 1349 1608 1424; x_wconf 79' lang='lat' dir='ltr'><strong>&#39;faciat</strong></span> <span class='ocrx_word' id='word_1_115' title='bbox 1631 1348 1806 1424; x_wconf 85' lang='lat' dir='ltr'><strong>iudicium</strong></span> <span class='ocrx_word' id='word_1_116' title='bbox 1821 1355 1866 1426; x_wconf 91' lang='lat' dir='ltr'><strong>de</strong></span> <span class='ocrx_word' id='word_1_117' title='bbox 1881 1377 1919 1428; x_wconf 89' lang='lat' dir='ltr'><strong>se</strong></span> <span class='ocrx_word' id='word_1_118' title='bbox 1935 1357 2060 1430; x_wconf 87' lang='lat' dir='ltr'><strong>talium</strong></span> <span class='ocrx_word' id='word_1_119' title='bbox 2083 1362 2139 1431; x_wconf 87' lang='lat' dir='ltr'><strong>vi-</strong></span> 
     </span>
     <span class='ocr_line' id='line_1_11' title="bbox 110 1447 2141 1556; baseline 0.006 -34"><span class='ocrx_word' id='word_1_120' title='bbox 110 1465 173 1522; x_wconf 93' lang='lat' dir='ltr'><strong>tnr</strong></span> <span class='ocrx_word' id='word_1_121' title='bbox 188 1477 229 1522; x_wconf 89' lang='lat' dir='ltr'><strong>ac</strong></span> <span class='ocrx_word' id='word_1_122' title='bbox 244 1453 397 1543; x_wconf 91' lang='lat' dir='ltr'><strong>regitur,</strong></span> <span class='ocrx_word' id='word_1_123' title='bbox 418 1477 525 1548; x_wconf 90' lang='lat' dir='ltr'><strong>quam</strong></span> <span class='ocrx_word' id='word_1_124' title='bbox 542 1447 715 1524; x_wconf 89' lang='lat' dir='ltr'><strong>babemus</strong></span> <span class='ocrx_word' id='word_1_125' title='bbox 729 1453 854 1524; x_wconf 87' lang='lat' dir='ltr'><strong>ducem</strong></span> <span class='ocrx_word' id='word_1_126' title='bbox 871 1455 916 1524; x_wconf 90' lang='lat' dir='ltr'><strong>ad</strong></span> <span class='ocrx_word' id='word_1_127' title='bbox 931 1453 1099 1526; x_wconf 88' lang='lat' dir='ltr'><strong>virtutem</strong></span> <span class='ocrx_word' id='word_1_128' title='bbox 1154 1473 1297 1536; x_wconf 90' lang='lat' dir='ltr'><strong>rorum,</strong></span> <span class='ocrx_word' id='word_1_129' title='bbox 1322 1470 1429 1544; x_wconf 86' lang='lat' dir='ltr'><strong>quam</strong></span> <span class='ocrx_word' id='word_1_130' title='bbox 1453 1452 1625 1525; x_wconf 68' lang='lat' dir='ltr'><strong>maximas</strong></span> <span class='ocrx_word' id='word_1_131' title='bbox 1641 1473 1743 1544; x_wconf 78' lang='lat' dir='ltr'><strong>opes,</strong></span> <span class='ocrx_word' id='word_1_132' title='bbox 1768 1469 1955 1550; x_wconf 90' lang='lat' dir='ltr'><strong>propterea</strong></span> <span class='ocrx_word' id='word_1_133' title='bbox 1973 1464 2069 1556; x_wconf 90' lang='lat' dir='ltr'><strong>quod</strong></span> <span class='ocrx_word' id='word_1_134' title='bbox 2094 1464 2141 1534; x_wconf 92' lang='lat' dir='ltr'><strong>il-</strong></span> 
     </span>
     <span class='ocr_line' id='line_1_12' title="bbox 111 1551 2140 1650; baseline 0.007 -26"><span class='ocrx_word' id='word_1_135' title='bbox 111 1558 210 1626; x_wconf 87' lang='lat' dir='ltr'><strong>etad</strong></span> <span class='ocrx_word' id='word_1_136' title='bbox 228 1556 561 1628; x_wconf 76' lang='lat' dir='ltr'><strong>immortalitatem?</strong></span> <span class='ocrx_word' id='word_1_137' title='bbox 596 1552 720 1648; x_wconf 85' lang='lat' dir='ltr'><strong>ltaque</strong></span> <span class='ocrx_word' id='word_1_138' title='bbox 739 1579 879 1648; x_wconf 82' lang='lat' dir='ltr'><strong>semper</strong></span> <span class='ocrx_word' id='word_1_139' title='bbox 895 1555 1015 1650; x_wconf 87' lang='lat' dir='ltr'><strong>optavi</strong></span> <span class='ocrx_word' id='word_1_140' title='bbox 1033 1555 1100 1626; x_wconf 91' lang='lat' dir='ltr'><strong>ali·</strong></span> <span class='ocrx_word' id='word_1_141' title='bbox 1153 1554 1207 1622; x_wconf 91' lang='lat' dir='ltr'><strong>lae</strong></span> <span class='ocrx_word' id='word_1_142' title='bbox 1233 1574 1315 1622; x_wconf 92' lang='lat' dir='ltr'><strong>casu</strong></span> <span class='ocrx_word' id='word_1_143' title='bbox 1339 1553 1545 1648; x_wconf 89' lang='lat' dir='ltr'><strong>contingere</strong></span> <span class='ocrx_word' id='word_1_144' title='bbox 1575 1566 1764 1646; x_wconf 87' lang='lat' dir='ltr'><strong>putantur:</strong></span> <span class='ocrx_word' id='word_1_145' title='bbox 1796 1551 1855 1630; x_wconf 90' lang='lat' dir='ltr'><strong>hic</strong></span> <span class='ocrx_word' id='word_1_146' title='bbox 1878 1575 1995 1634; x_wconf 85' lang='lat' dir='ltr'><strong>autem</strong></span> <span class='ocrx_word' id='word_1_147' title='bbox 2024 1559 2140 1639; x_wconf 90' lang='lat' dir='ltr'><strong>honos</strong></span> 
     </span>
     <span class='ocr_line' id='line_1_13' title="bbox 111 1653 2140 1752; baseline 0.006 -25"><span class='ocrx_word' id='word_1_148' title='bbox 111 1681 220 1752; x_wconf 88' lang='lat' dir='ltr'><strong>quam</strong></span> <span class='ocrx_word' id='word_1_149' title='bbox 242 1653 334 1728; x_wconf 90' lang='lat' dir='ltr'><strong>mibi</strong></span> <span class='ocrx_word' id='word_1_150' title='bbox 356 1659 578 1730; x_wconf 81' lang='lat' dir='ltr'><strong>occasionem</strong></span> <span class='ocrx_word' id='word_1_151' title='bbox 603 1657 700 1742; x_wconf 88' lang='lat' dir='ltr'><strong>dari,</strong></span> <span class='ocrx_word' id='word_1_152' title='bbox 725 1657 979 1749; x_wconf 88' lang='lat' dir='ltr'><strong>significandae</strong></span> <span class='ocrx_word' id='word_1_153' title='bbox 1002 1681 1099 1728; x_wconf 91' lang='lat' dir='ltr'><strong>meae</strong></span> <span class='ocrx_word' id='word_1_154' title='bbox 1154 1667 1250 1724; x_wconf 89' lang='lat' dir='ltr'><strong>certo</strong></span> <span class='ocrx_word' id='word_1_155' title='bbox 1287 1655 1437 1726; x_wconf 86' lang='lat' dir='ltr'><strong>consilio</strong></span> <span class='ocrx_word' id='word_1_156' title='bbox 1476 1655 1602 1730; x_wconf 85' lang='lat' dir='ltr'><strong>virtuti</strong></span> <span class='ocrx_word' id='word_1_157' title='bbox 1638 1657 1794 1730; x_wconf 91' lang='lat' dir='ltr'><strong>tributus</strong></span> <span class='ocrx_word' id='word_1_158' title='bbox 1834 1683 1909 1732; x_wconf 87' lang='lat' dir='ltr'><strong>esse</strong></span> <span class='ocrx_word' id='word_1_159' title='bbox 1950 1665 2140 1740; x_wconf 88' lang='lat' dir='ltr'><strong>iudicatur.</strong></span> 
     </span>
     <span class='ocr_line' id='line_1_14' title="bbox 110 1756 2140 1856; baseline 0.007 -27"><span class='ocrx_word' id='word_1_160' title='bbox 110 1761 342 1850; x_wconf 86' lang='lat' dir='ltr'><strong>gratitudinis</strong></span> <span class='ocrx_word' id='word_1_161' title='bbox 357 1785 437 1852; x_wconf 89' lang='lat' dir='ltr'><strong>erga</strong></span> <span class='ocrx_word' id='word_1_162' title='bbox 454 1773 698 1852; x_wconf 85' lang='lat' dir='ltr'><strong>praeceptores</strong></span> <span class='ocrx_word' id='word_1_163' title='bbox 714 1775 874 1846; x_wconf 87' lang='lat' dir='ltr'><strong>nostros,</strong></span> <span class='ocrx_word' id='word_1_164' title='bbox 891 1761 1099 1854; x_wconf 85' lang='lat' dir='ltr'><strong>praesertim</strong></span> <span class='ocrx_word' id='word_1_165' title='bbox 1152 1756 1276 1846; x_wconf 81' lang='lat' dir='ltr'><strong>Quare</strong></span> <span class='ocrx_word' id='word_1_166' title='bbox 1301 1759 1455 1828; x_wconf 85' lang='lat' dir='ltr'><strong>latemur</strong></span> <span class='ocrx_word' id='word_1_167' title='bbox 1478 1759 1674 1852; x_wconf 91' lang='lat' dir='ltr'><strong>plurimum</strong></span> <span class='ocrx_word' id='word_1_168' title='bbox 1708 1783 1773 1831; x_wconf 89' lang='lat' dir='ltr'><strong>nos</strong></span> <span class='ocrx_word' id='word_1_169' title='bbox 1799 1765 1967 1838; x_wconf 90' lang='lat' dir='ltr'><strong>omnibus</strong></span> <span class='ocrx_word' id='word_1_170' title='bbox 1999 1769 2140 1856; x_wconf 88' lang='lat' dir='ltr'><strong>debere,</strong></span> 
     </span>
     <span class='ocr_line' id='line_1_15' title="bbox 110 1855 2136 1956; baseline 0.006 -24"><span class='ocrx_word' id='word_1_171' title='bbox 110 1888 195 1935; x_wconf 91' lang='lat' dir='ltr'><strong>cnm</strong></span> <span class='ocrx_word' id='word_1_172' title='bbox 219 1865 396 1948; x_wconf 89' lang='lat' dir='ltr'><strong>viderem,</strong></span> <span class='ocrx_word' id='word_1_173' title='bbox 427 1861 615 1956; x_wconf 89' lang='lat' dir='ltr'><strong>praecipue</strong></span> <span class='ocrx_word' id='word_1_174' title='bbox 646 1863 685 1932; x_wconf 88' lang='lat' dir='ltr'><strong>in</strong></span> <span class='ocrx_word' id='word_1_175' title='bbox 720 1857 786 1934; x_wconf 89' lang='lat' dir='ltr'><strong>bac</strong></span> <span class='ocrx_word' id='word_1_176' title='bbox 815 1859 934 1956; x_wconf 79' lang='lat' dir='ltr'><strong>schola</strong></span> <span class='ocrx_word' id='word_1_177' title='bbox 962 1889 1098 1937; x_wconf 89' lang='lat' dir='ltr'><strong>summa</strong></span> <span class='ocrx_word' id='word_1_178' title='bbox 1153 1859 1215 1953; x_wconf 86' lang='lat' dir='ltr'><strong>qui</strong></span> <span class='ocrx_word' id='word_1_179' title='bbox 1238 1881 1304 1928; x_wconf 89' lang='lat' dir='ltr'><strong>nos</strong></span> <span class='ocrx_word' id='word_1_180' title='bbox 1329 1859 1367 1928; x_wconf 86' lang='lat' dir='ltr'><strong>in</strong></span> <span class='ocrx_word' id='word_1_181' title='bbox 1398 1855 1504 1932; x_wconf 88' lang='lat' dir='ltr'><strong>huius</strong></span> <span class='ocrx_word' id='word_1_182' title='bbox 1530 1858 1678 1933; x_wconf 90' lang='lat' dir='ltr'><strong>honoris</strong></span> <span class='ocrx_word' id='word_1_183' title='bbox 1708 1865 1880 1956; x_wconf 85' lang='lat' dir='ltr'><strong>petitione</strong></span> <span class='ocrx_word' id='word_1_184' title='bbox 1908 1869 2136 1946; x_wconf 89' lang='lat' dir='ltr'><strong>adiuverunt.</strong></span> 
     </span>
     <span class='ocr_line' id='line_1_16' title="bbox 109 1960 2138 2060; baseline 0.012 -26"><span class='ocrx_word' id='word_1_185' title='bbox 109 1966 180 2035; x_wconf 85' lang='lat' dir='ltr'><strong>lide</strong></span> <span class='ocrx_word' id='word_1_186' title='bbox 198 1989 406 2060; x_wconf 87' lang='lat' dir='ltr'><strong>summaque</strong></span> <span class='ocrx_word' id='word_1_187' title='bbox 422 1965 613 2058; x_wconf 89' lang='lat' dir='ltr'><strong>prudentia</strong></span> <span class='ocrx_word' id='word_1_188' title='bbox 624 1963 729 2036; x_wconf 86' lang='lat' dir='ltr'><strong>nobis</strong></span> <span class='ocrx_word' id='word_1_189' title='bbox 738 1967 888 2057; x_wconf 89' lang='lat' dir='ltr'><strong>optimas</strong></span> <span class='ocrx_word' id='word_1_190' title='bbox 901 1981 992 2040; x_wconf 89' lang='lat' dir='ltr'><strong>artes</strong></span> <span class='ocrx_word' id='word_1_191' title='bbox 1006 1967 1098 2038; x_wconf 89' lang='lat' dir='ltr'><strong>tradi</strong></span> <span class='ocrx_word' id='word_1_192' title='bbox 1152 1960 1200 2032; x_wconf 80' lang='lat' dir='ltr'><strong>Et</strong></span> <span class='ocrx_word' id='word_1_193' title='bbox 1215 1984 1419 2056; x_wconf 89' lang='lat' dir='ltr'><strong>quanquam</strong></span> <span class='ocrx_word' id='word_1_194' title='bbox 1441 1963 1519 2034; x_wconf 85' lang='lat' dir='ltr'><strong>leve</strong></span> <span class='ocrx_word' id='word_1_195' title='bbox 1535 1965 1699 2036; x_wconf 73' lang='lat' dir='ltr'><strong>rideatur</strong></span> <span class='ocrx_word' id='word_1_196' title='bbox 1715 1967 1870 2040; x_wconf 67' lang='lat' dir='ltr'><strong>Officium</strong></span> <span class='ocrx_word' id='word_1_197' title='bbox 1888 1995 1977 2057; x_wconf 65' lang='lat'><strong>0⁸⁵⁰,</strong></span> <span class='ocrx_word' id='word_1_198' title='bbox 2004 1969 2073 2046; x_wconf 61' lang='lat'><strong>¹1⁰0</strong></span> <span class='ocrx_word' id='word_1_199' title='bbox 2099 1977 2138 2048; x_wconf 74' lang='lat' dir='ltr'><strong>in</strong></span> 
     </span>
     <span class='ocr_line' id='line_1_17' title="bbox 106 2063 2137 2162; baseline 0.005 -24"><span class='ocrx_word' id='word_1_200' title='bbox 106 2083 218 2162; x_wconf 84' lang='lat' dir='ltr'><strong>atque</strong></span> <span class='ocrx_word' id='word_1_201' title='bbox 235 2069 418 2138; x_wconf 88' lang='lat' dir='ltr'><strong>inculcari.</strong></span> <span class='ocrx_word' id='word_1_202' title='bbox 471 2065 632 2160; x_wconf 79' lang='lat' dir='ltr'><strong>Cumque</strong></span> <span class='ocrx_word' id='word_1_203' title='bbox 648 2063 688 2138; x_wconf 85' lang='lat' dir='ltr'><strong>ht</strong></span> <span class='ocrx_word' id='word_1_204' title='bbox 705 2069 777 2138; x_wconf 88' lang='lat' dir='ltr'><strong>mei</strong></span> <span class='ocrx_word' id='word_1_205' title='bbox 794 2069 948 2161; x_wconf 75' lang='lat' dir='ltr'><strong>collegae</strong></span> <span class='ocrx_word' id='word_1_206' title='bbox 969 2083 1099 2142; x_wconf 89' lang='lat' dir='ltr'><strong>testen-</strong></span> <span class='ocrx_word' id='word_1_207' title='bbox 1152 2065 1231 2135; x_wconf 92' lang='lat' dir='ltr'><strong>loco</strong></span> <span class='ocrx_word' id='word_1_208' title='bbox 1248 2065 1373 2135; x_wconf 87' lang='lat' dir='ltr'><strong>merita</strong></span> <span class='ocrx_word' id='word_1_209' title='bbox 1391 2071 1506 2138; x_wconf 83' lang='lat' dir='ltr'><strong>vestra</strong></span> <span class='ocrx_word' id='word_1_210' title='bbox 1533 2069 1757 2160; x_wconf 90' lang='lat' dir='ltr'><strong>praedicare,</strong></span> <span class='ocrx_word' id='word_1_211' title='bbox 1782 2084 1901 2142; x_wconf 89' lang='lat' dir='ltr'><strong>tamen</strong></span> <span class='ocrx_word' id='word_1_212' title='bbox 1924 2069 2017 2146; x_wconf 89' lang='lat' dir='ltr'><strong>banc</strong></span> <span class='ocrx_word' id='word_1_213' title='bbox 2040 2103 2137 2152; x_wconf 87' lang='lat' dir='ltr'><strong>com-</strong></span> 
     </span>
     <span class='ocr_line' id='line_1_18' title="bbox 110 2167 2137 2266; baseline 0.008 -28"><span class='ocrx_word' id='word_1_214' title='bbox 110 2185 190 2256; x_wconf 87' lang='lat' dir='ltr'><strong>tnr,</strong></span> <span class='ocrx_word' id='word_1_215' title='bbox 216 2171 314 2242; x_wconf 87' lang='lat' dir='ltr'><strong>seed</strong></span> <span class='ocrx_word' id='word_1_216' title='bbox 332 2173 485 2242; x_wconf 90' lang='lat' dir='ltr'><strong>eundem</strong></span> <span class='ocrx_word' id='word_1_217' title='bbox 501 2172 651 2244; x_wconf 87' lang='lat' dir='ltr'><strong>modurn</strong></span> <span class='ocrx_word' id='word_1_218' title='bbox 666 2171 811 2242; x_wconf 80' lang='lat' dir='ltr'><strong>allectos</strong></span> <span class='ocrx_word' id='word_1_219' title='bbox 832 2195 925 2266; x_wconf 80' lang='lat' dir='ltr'><strong>esse,</strong></span> <span class='ocrx_word' id='word_1_220' title='bbox 951 2197 1024 2244; x_wconf 91' lang='lat' dir='ltr'><strong>nou</strong></span> <span class='ocrx_word' id='word_1_221' title='bbox 1041 2195 1100 2244; x_wconf 90' lang='lat' dir='ltr'><strong>so-</strong></span> <span class='ocrx_word' id='word_1_222' title='bbox 1151 2167 1446 2238; x_wconf 86' lang='lat' dir='ltr'><strong>mcmorotionem</strong></span> <span class='ocrx_word' id='word_1_223' title='bbox 1479 2172 1762 2262; x_wconf 80' lang='lat' dir='ltr'><strong>praetermittere</strong></span> <span class='ocrx_word' id='word_1_224' title='bbox 1795 2175 1900 2246; x_wconf 91' lang='lat' dir='ltr'><strong>nobis</strong></span> <span class='ocrx_word' id='word_1_225' title='bbox 1936 2201 2011 2250; x_wconf 93' lang='lat' dir='ltr'><strong>uon</strong></span> <span class='ocrx_word' id='word_1_226' title='bbox 2046 2182 2137 2254; x_wconf 88' lang='lat' dir='ltr'><strong>licet.</strong></span> 
     </span>
     <span class='ocr_line' id='line_1_19' title="bbox 113 2267 2190 2375; baseline 0.005 -35"><span class='ocrx_word' id='word_1_227' title='bbox 113 2274 188 2340; x_wconf 88' lang='lat' dir='ltr'><strong>lum</strong></span> <span class='ocrx_word' id='word_1_228' title='bbox 221 2275 266 2342; x_wconf 88' lang='lat' dir='ltr'><strong>de</strong></span> <span class='ocrx_word' id='word_1_229' title='bbox 299 2298 373 2355; x_wconf 88' lang='lat' dir='ltr'><strong>me,</strong></span> <span class='ocrx_word' id='word_1_230' title='bbox 408 2275 468 2344; x_wconf 90' lang='lat' dir='ltr'><strong>sed</strong></span> <span class='ocrx_word' id='word_1_231' title='bbox 501 2271 607 2344; x_wconf 88' lang='lat' dir='ltr'><strong>etiam</strong></span> <span class='ocrx_word' id='word_1_232' title='bbox 639 2275 768 2348; x_wconf 87' lang='lat' dir='ltr'><strong>desua</strong></span> <span class='ocrx_word' id='word_1_233' title='bbox 791 2275 1013 2348; x_wconf 86' lang='lat' dir='ltr'><strong>voluntatea</strong></span> <span class='ocrx_word' id='word_1_234' title='bbox 1041 2297 1098 2346; x_wconf 88' lang='lat' dir='ltr'><strong>me</strong></span> <span class='ocrx_word' id='word_1_235' title='bbox 1149 2267 1313 2362; x_wconf 82' lang='lat' dir='ltr'><strong>Primum</strong></span> <span class='ocrx_word' id='word_1_236' title='bbox 1343 2271 1464 2364; x_wconf 86' lang='lat' dir='ltr'><strong>itaque</strong></span> <span class='ocrx_word' id='word_1_237' title='bbox 1494 2273 1622 2362; x_wconf 84' lang='lat' dir='ltr'><strong>gratias</strong></span> <span class='ocrx_word' id='word_1_238' title='bbox 1653 2274 1789 2365; x_wconf 79' lang='lat' dir='ltr'><strong>agimus</strong></span> <span class='ocrx_word' id='word_1_239' title='bbox 1811 2273 1911 2364; x_wconf 92' lang='lat' dir='ltr'><strong>Deo,</strong></span> <span class='ocrx_word' id='word_1_240' title='bbox 1945 2279 2008 2375; x_wconf 87' lang='lat' dir='ltr'><strong>qui</strong></span> <span class='ocrx_word' id='word_1_241' title='bbox 2039 2278 2135 2355; x_wconf 87' lang='lat' dir='ltr'><strong>bunc</strong></span> <span class='ocrx_word' id='word_1_242' title='bbox 2184 2343 2190 2353; x_wconf 91' lang='lat'><em>.</em></span> 
     </span>
     <span class='ocr_line' id='line_1_20' title="bbox 112 2371 2138 2470; baseline 0.007 -27"><span class='ocrx_word' id='word_1_243' title='bbox 112 2375 185 2444; x_wconf 88' lang='lat' dir='ltr'><strong>diei</strong></span> <span class='ocrx_word' id='word_1_244' title='bbox 210 2376 413 2450; x_wconf 85' lang='lat' dir='ltr'><strong>voluerunt.</strong></span> <span class='ocrx_word' id='word_1_245' title='bbox 464 2371 544 2448; x_wconf 80' lang='lat' dir='ltr'><strong>Etsi</strong></span> <span class='ocrx_word' id='word_1_246' title='bbox 567 2389 686 2449; x_wconf 89' lang='lat' dir='ltr'><strong>autem</strong></span> <span class='ocrx_word' id='word_1_247' title='bbox 701 2371 789 2448; x_wconf 89' lang='lat' dir='ltr'><strong>haec</strong></span> <span class='ocrx_word' id='word_1_248' title='bbox 806 2377 1098 2450; x_wconf 84' lang='lat' dir='ltr'><strong>commemoratio</strong></span> <span class='ocrx_word' id='word_1_249' title='bbox 1151 2393 1293 2442; x_wconf 80' lang='lat' dir='ltr'><strong>emaum</strong></span> <span class='ocrx_word' id='word_1_250' title='bbox 1316 2373 1517 2444; x_wconf 89' lang='lat' dir='ltr'><strong>studiorum</strong></span> <span class='ocrx_word' id='word_1_251' title='bbox 1538 2389 1643 2470; x_wconf 89' lang='lat' dir='ltr'><strong>atque</strong></span> <span class='ocrx_word' id='word_1_252' title='bbox 1664 2371 1813 2448; x_wconf 90' lang='lat' dir='ltr'><strong>honoris</strong></span> <span class='ocrx_word' id='word_1_253' title='bbox 1830 2381 1943 2453; x_wconf 86' lang='lat' dir='ltr'><strong>nostri</strong></span> <span class='ocrx_word' id='word_1_254' title='bbox 1969 2377 2138 2458; x_wconf 88' lang='lat' dir='ltr'><strong>hactenus</strong></span> 
     </span>
     <span class='ocr_line' id='line_1_21' title="bbox 112 2475 2138 2578; baseline 0.007 -34"><span class='ocrx_word' id='word_1_255' title='bbox 112 2477 291 2548; x_wconf 88' lang='lat' dir='ltr'><strong>leviusest</strong></span> <span class='ocrx_word' id='word_1_256' title='bbox 307 2479 483 2559; x_wconf 81' lang='lat' dir='ltr'><strong>officium,</strong></span> <span class='ocrx_word' id='word_1_257' title='bbox 511 2501 617 2570; x_wconf 89' lang='lat' dir='ltr'><strong>quam</strong></span> <span class='ocrx_word' id='word_1_258' title='bbox 635 2493 677 2550; x_wconf 92' lang='lat' dir='ltr'><strong>ut</strong></span> <span class='ocrx_word' id='word_1_259' title='bbox 690 2479 931 2570; x_wconf 88' lang='lat' dir='ltr'><strong>magnitudini</strong></span> <span class='ocrx_word' id='word_1_260' title='bbox 948 2480 1099 2552; x_wconf 76' lang='lat' dir='ltr'><strong>merito·</strong></span> <span class='ocrx_word' id='word_1_261' title='bbox 1149 2497 1287 2544; x_wconf 88' lang='lat' dir='ltr'><strong>summa</strong></span> <span class='ocrx_word' id='word_1_262' title='bbox 1314 2475 1499 2564; x_wconf 84' lang='lat' dir='ltr'><strong>diligentia</strong></span> <span class='ocrx_word' id='word_1_263' title='bbox 1524 2477 1751 2570; x_wconf 79' lang='lat' dir='ltr'><strong>gubernavit,</strong></span> <span class='ocrx_word' id='word_1_264' title='bbox 1784 2503 1935 2578; x_wconf 88' lang='lat' dir='ltr'><strong>eumque</strong></span> <span class='ocrx_word' id='word_1_265' title='bbox 1961 2509 2138 2578; x_wconf 80' lang='lat' dir='ltr'><strong>rogamus,</strong></span> 
     </span>
     <span class='ocr_line' id='line_1_22' title="bbox 111 2577 2135 2676; baseline 0.006 -27"><span class='ocrx_word' id='word_1_266' title='bbox 111 2603 192 2647; x_wconf 84' lang='lat' dir='ltr'><strong>nrm</strong></span> <span class='ocrx_word' id='word_1_267' title='bbox 215 2592 416 2650; x_wconf 84' lang='lat' dir='ltr'><strong>rostrorum</strong></span> <span class='ocrx_word' id='word_1_268' title='bbox 443 2582 676 2671; x_wconf 88' lang='lat' dir='ltr'><strong>respondeat,</strong></span> <span class='ocrx_word' id='word_1_269' title='bbox 709 2594 830 2652; x_wconf 92' lang='lat' dir='ltr'><strong>tamen</strong></span> <span class='ocrx_word' id='word_1_270' title='bbox 860 2582 1030 2676; x_wconf 91' lang='lat' dir='ltr'><strong>quoniam</strong></span> <span class='ocrx_word' id='word_1_271' title='bbox 1058 2583 1097 2652; x_wconf 87' lang='lat' dir='ltr'><strong>iu</strong></span> <span class='ocrx_word' id='word_1_272' title='bbox 1150 2589 1190 2647; x_wconf 91' lang='lat' dir='ltr'><strong>nt</strong></span> <span class='ocrx_word' id='word_1_273' title='bbox 1217 2577 1336 2646; x_wconf 81' lang='lat' dir='ltr'><strong>favere</strong></span> <span class='ocrx_word' id='word_1_274' title='bbox 1358 2578 1464 2647; x_wconf 90' lang='lat' dir='ltr'><strong>nobis</strong></span> <span class='ocrx_word' id='word_1_275' title='bbox 1490 2582 1734 2654; x_wconf 79' lang='lat' dir='ltr'><strong>exercentibus</strong></span> <span class='ocrx_word' id='word_1_276' title='bbox 1764 2597 1874 2654; x_wconf 89' lang='lat' dir='ltr'><strong>artem</strong></span> <span class='ocrx_word' id='word_1_277' title='bbox 1894 2589 1990 2660; x_wconf 87' lang='lat' dir='ltr'><strong>velit.</strong></span> <span class='ocrx_word' id='word_1_278' title='bbox 2044 2589 2135 2662; x_wconf 85' lang='lat' dir='ltr'><strong>Nam</strong></span> 
     </span>
     <span class='ocr_line' id='line_1_23' title="bbox 109 2677 2139 2775; baseline 0.007 -27"><span class='ocrx_word' id='word_1_279' title='bbox 109 2680 198 2772; x_wconf 90' lang='lat' dir='ltr'><strong>ipsis</strong></span> <span class='ocrx_word' id='word_1_280' title='bbox 224 2683 392 2772; x_wconf 79' lang='lat' dir='ltr'><strong>auspiciis</strong></span> <span class='ocrx_word' id='word_1_281' title='bbox 421 2684 536 2754; x_wconf 88' lang='lat' dir='ltr'><strong>nostri</strong></span> <span class='ocrx_word' id='word_1_282' title='bbox 560 2677 707 2752; x_wconf 84' lang='lat' dir='ltr'><strong>honoris</strong></span> <span class='ocrx_word' id='word_1_283' title='bbox 735 2696 768 2754; x_wconf 91' lang='lat' dir='ltr'><strong>et</strong></span> <span class='ocrx_word' id='word_1_284' title='bbox 793 2683 833 2752; x_wconf 92' lang='lat' dir='ltr'><strong>in</strong></span> <span class='ocrx_word' id='word_1_285' title='bbox 860 2677 928 2756; x_wconf 90' lang='lat' dir='ltr'><strong>boc</strong></span> <span class='ocrx_word' id='word_1_286' title='bbox 953 2683 1097 2775; x_wconf 91' lang='lat' dir='ltr'><strong>publico</strong></span> <span class='ocrx_word' id='word_1_287' title='bbox 1150 2677 1244 2748; x_wconf 88' lang='lat' dir='ltr'><strong>irriti</strong></span> <span class='ocrx_word' id='word_1_288' title='bbox 1268 2691 1352 2749; x_wconf 91' lang='lat' dir='ltr'><strong>sunt</strong></span> <span class='ocrx_word' id='word_1_289' title='bbox 1377 2696 1525 2754; x_wconf 85' lang='lat' dir='ltr'><strong>conatus</strong></span> <span class='ocrx_word' id='word_1_290' title='bbox 1555 2683 1717 2752; x_wconf 88' lang='lat' dir='ltr'><strong>omnium</strong></span> <span class='ocrx_word' id='word_1_291' title='bbox 1744 2679 1933 2758; x_wconf 89' lang='lat' dir='ltr'><strong>hominum</strong></span> <span class='ocrx_word' id='word_1_292' title='bbox 1962 2703 1997 2760; x_wconf 91' lang='lat' dir='ltr'><strong>et</strong></span> <span class='ocrx_word' id='word_1_293' title='bbox 2020 2691 2139 2762; x_wconf 81' lang='lat' dir='ltr'><strong>infeli-</strong></span> 
     </span>
     <span class='ocr_line' id='line_1_24' title="bbox 109 2781 2136 2876; baseline 0.007 -24"><span class='ocrx_word' id='word_1_294' title='bbox 109 2797 308 2870; x_wconf 88' lang='lat' dir='ltr'><strong>conventu,</strong></span> <span class='ocrx_word' id='word_1_295' title='bbox 333 2783 409 2856; x_wconf 92' lang='lat' dir='ltr'><strong>Deo</strong></span> <span class='ocrx_word' id='word_1_296' title='bbox 434 2800 468 2856; x_wconf 91' lang='lat' dir='ltr'><strong>et</strong></span> <span class='ocrx_word' id='word_1_297' title='bbox 490 2785 601 2857; x_wconf 85' lang='lat' dir='ltr'><strong>vobis.</strong></span> <span class='ocrx_word' id='word_1_298' title='bbox 617 2785 785 2870; x_wconf 87' lang='lat' dir='ltr'><strong>testibus,</strong></span> <span class='ocrx_word' id='word_1_299' title='bbox 807 2786 1009 2876; x_wconf 88' lang='lat' dir='ltr'><strong>obligamus</strong></span> <span class='ocrx_word' id='word_1_300' title='bbox 1031 2807 1097 2856; x_wconf 92' lang='lat' dir='ltr'><strong>uos</strong></span> <span class='ocrx_word' id='word_1_301' title='bbox 1149 2781 1203 2850; x_wconf 92' lang='lat' dir='ltr'><strong>cia</strong></span> <span class='ocrx_word' id='word_1_302' title='bbox 1221 2781 1359 2866; x_wconf 89' lang='lat' dir='ltr'><strong>studia,</strong></span> <span class='ocrx_word' id='word_1_303' title='bbox 1374 2782 1445 2851; x_wconf 92' lang='lat' dir='ltr'><strong>nisi</strong></span> <span class='ocrx_word' id='word_1_304' title='bbox 1460 2783 1557 2854; x_wconf 83' lang='lat' dir='ltr'><strong>Dens</strong></span> <span class='ocrx_word' id='word_1_305' title='bbox 1577 2783 1729 2856; x_wconf 84' lang='lat' dir='ltr'><strong>eainvet</strong></span> <span class='ocrx_word' id='word_1_306' title='bbox 1743 2800 1777 2856; x_wconf 88' lang='lat' dir='ltr'><strong>et</strong></span> <span class='ocrx_word' id='word_1_307' title='bbox 1791 2787 1960 2862; x_wconf 76' lang='lat' dir='ltr'><strong>fortunat.</strong></span> <span class='ocrx_word' id='word_1_308' title='bbox 1995 2789 2136 2868; x_wconf 87' lang='lat' dir='ltr'><strong>Deinde</strong></span> 
     </span>
     <span class='ocr_line' id='line_1_25' title="bbox 111 2883 2137 2983; baseline 0.008 -31"><span class='ocrx_word' id='word_1_309' title='bbox 111 2885 284 2974; x_wconf 85' lang='lat' dir='ltr'><strong>religione</strong></span> <span class='ocrx_word' id='word_1_310' title='bbox 301 2890 453 2981; x_wconf 73' lang='lat' dir='ltr'><strong>quadam</strong></span> <span class='ocrx_word' id='word_1_311' title='bbox 468 2891 512 2960; x_wconf 84' lang='lat' dir='ltr'><strong>ad</strong></span> <span class='ocrx_word' id='word_1_312' title='bbox 529 2883 729 2958; x_wconf 83' lang='lat' dir='ltr'><strong>habendam</strong></span> <span class='ocrx_word' id='word_1_313' title='bbox 748 2890 897 2977; x_wconf 85' lang='lat' dir='ltr'><strong>gratiam</strong></span> <span class='ocrx_word' id='word_1_314' title='bbox 913 2901 1096 2982; x_wconf 90' lang='lat' dir='ltr'><strong>perpetuo,</strong></span> <span class='ocrx_word' id='word_1_315' title='bbox 1149 2884 1280 2980; x_wconf 84' lang='lat' dir='ltr'><strong>gratias</strong></span> <span class='ocrx_word' id='word_1_316' title='bbox 1307 2884 1445 2973; x_wconf 90' lang='lat' dir='ltr'><strong>agimus</strong></span> <span class='ocrx_word' id='word_1_317' title='bbox 1462 2883 1704 2958; x_wconf 88' lang='lat' dir='ltr'><strong>lllnstrissimo</strong></span> <span class='ocrx_word' id='word_1_318' title='bbox 1725 2885 1888 2983; x_wconf 87' lang='lat' dir='ltr'><strong>Principi</strong></span> <span class='ocrx_word' id='word_1_319' title='bbox 1912 2891 2038 2966; x_wconf 92' lang='lat' dir='ltr'><strong>loanni</strong></span> <span class='ocrx_word' id='word_1_320' title='bbox 2056 2897 2137 2968; x_wconf 82' lang='lat' dir='ltr'><strong>Fri-</strong></span> 
     </span>
     <span class='ocr_line' id='line_1_26' title="bbox 111 2983 2138 3094; baseline 0.012 -48"><span class='ocrx_word' id='word_1_321' title='bbox 111 2989 309 3079; x_wconf 71' lang='lat' dir='ltr'><strong>pini-imum</strong></span> <span class='ocrx_word' id='word_1_322' title='bbox 337 2985 467 3064; x_wconf 67' lang='lat' dir='ltr'><strong>hibere</strong></span> <span class='ocrx_word' id='word_1_323' title='bbox 487 2989 665 3082; x_wconf 68' lang='lat' dir='ltr'><strong>‘pondu-ii</strong></span> <span class='ocrx_word' id='word_1_324' title='bbox 694 2985 780 3062; x_wconf 69' lang='lat' dir='ltr'><strong>haec</strong></span> <span class='ocrx_word' id='word_1_325' title='bbox 807 2992 1096 3090; x_wconf 59' lang='lat' dir='ltr'><strong>commemoratio</strong></span> <span class='ocrx_word' id='word_1_326' title='bbox 1148 2987 1270 3056; x_wconf 92' lang='lat' dir='ltr'><strong>derico</strong></span> <span class='ocrx_word' id='word_1_327' title='bbox 1291 2985 1466 3059; x_wconf 86' lang='lat' dir='ltr'><strong>Saxouiae</strong></span> <span class='ocrx_word' id='word_1_328' title='bbox 1488 2983 1659 3060; x_wconf 85' lang='lat' dir='ltr'><strong>Electori.</strong></span> <span class='ocrx_word' id='word_1_329' title='bbox 1712 2989 1807 3081; x_wconf 81' lang='lat' dir='ltr'><strong>Quia</strong></span> <span class='ocrx_word' id='word_1_330' title='bbox 1835 2995 2030 3090; x_wconf 81' lang='lat' dir='ltr'><strong>eolmipse</strong></span> <span class='ocrx_word' id='word_1_331' title='bbox 2054 3025 2138 3094; x_wconf 88' lang='lat' dir='ltr'><strong>sup-</strong></span> 
     </span>
     <span class='ocr_line' id='line_1_27' title="bbox 110 3088 2138 3194; baseline 0.012 -43"><span class='ocrx_word' id='word_1_332' title='bbox 110 3092 382 3166; x_wconf 68' lang='lat' dir='ltr'><strong>iudicandaeei,</strong></span> <span class='ocrx_word' id='word_1_333' title='bbox 431 3090 813 3183; x_wconf 74' lang='lat' dir='ltr'><strong>Agnoscimutjgiiur,</strong></span> <span class='ocrx_word' id='word_1_334' title='bbox 833 3095 961 3166; x_wconf 71' lang='lat' dir='ltr'><strong>noaiis</strong></span> <span class='ocrx_word' id='word_1_335' title='bbox 985 3097 1095 3170; x_wconf 72' lang='lat' dir='ltr'><strong>bane-</strong></span> <span class='ocrx_word' id='word_1_336' title='bbox 1149 3091 1285 3182; x_wconf 80' lang='lat' dir='ltr'><strong>pedllal</strong></span> <span class='ocrx_word' id='word_1_337' title='bbox 1301 3105 1462 3182; x_wconf 77' lang='lat' dir='ltr'><strong>sumplus</strong></span> <span class='ocrx_word' id='word_1_338' title='bbox 1484 3105 1519 3162; x_wconf 79' lang='lat' dir='ltr'><strong>el</strong></span> <span class='ocrx_word' id='word_1_339' title='bbox 1541 3093 1659 3164; x_wconf 79' lang='lat' dir='ltr'><strong>ocium</strong></span> <span class='ocrx_word' id='word_1_340' title='bbox 1675 3088 1760 3164; x_wconf 78' lang='lat' dir='ltr'><strong>huic</strong></span> <span class='ocrx_word' id='word_1_341' title='bbox 1775 3091 1926 3170; x_wconf 77' lang='lat' dir='ltr'><strong>scholae</strong></span> <span class='ocrx_word' id='word_1_342' title='bbox 1941 3099 1984 3170; x_wconf 90' lang='lat' dir='ltr'><strong>ad</strong></span> <span class='ocrx_word' id='word_1_343' title='bbox 2004 3103 2138 3194; x_wconf 76' lang='lat' dir='ltr'><strong>optima</strong></span> 
     </span>
     <span class='ocr_line' id='line_1_28' title="bbox 107 3193 2139 3290; baseline 0.005 -27"><span class='ocrx_word' id='word_1_344' title='bbox 107 3193 359 3268; x_wconf 84' lang='lat' dir='ltr'><strong>liciisaffectos</strong></span> <span class='ocrx_word' id='word_1_345' title='bbox 383 3219 478 3282; x_wconf 86' lang='lat' dir='ltr'><strong>esse,</strong></span> <span class='ocrx_word' id='word_1_346' title='bbox 505 3197 636 3290; x_wconf 89' lang='lat' dir='ltr'><strong>quibus</strong></span> <span class='ocrx_word' id='word_1_347' title='bbox 657 3196 927 3286; x_wconf 81' lang='lat' dir='ltr'><strong>cogitarinulla</strong></span> <span class='ocrx_word' id='word_1_348' title='bbox 946 3199 1095 3270; x_wconf 88' lang='lat' dir='ltr'><strong>meliora</strong></span> <span class='ocrx_word' id='word_1_349' title='bbox 1149 3193 1264 3263; x_wconf 89' lang='lat' dir='ltr'><strong>studia</strong></span> <span class='ocrx_word' id='word_1_350' title='bbox 1290 3193 1456 3280; x_wconf 75' lang='lat' dir='ltr'><strong>colenda,</strong></span> <span class='ocrx_word' id='word_1_351' title='bbox 1500 3207 1535 3265; x_wconf 89' lang='lat' dir='ltr'><strong>ct</strong></span> <span class='ocrx_word' id='word_1_352' title='bbox 1566 3198 1610 3266; x_wconf 89' lang='lat' dir='ltr'><strong>ad</strong></span> <span class='ocrx_word' id='word_1_353' title='bbox 1634 3196 1723 3266; x_wconf 91' lang='lat' dir='ltr'><strong>alios</strong></span> <span class='ocrx_word' id='word_1_354' title='bbox 1742 3199 1941 3288; x_wconf 90' lang='lat' dir='ltr'><strong>docendos,</strong></span> <span class='ocrx_word' id='word_1_355' title='bbox 1969 3203 2139 3278; x_wconf 84' lang='lat' dir='ltr'><strong>debemus</strong></span> 
     </span>
     <span class='ocr_line' id='line_1_29' title="bbox 110 3295 2139 3393; baseline 0.01 -35"><span class='ocrx_word' id='word_1_356' title='bbox 110 3309 271 3390; x_wconf 70' lang='lat' dir='ltr'><strong>possint,</strong></span> <span class='ocrx_word' id='word_1_357' title='bbox 329 3297 478 3370; x_wconf 81' lang='lat' dir='ltr'><strong>Nullum</strong></span> <span class='ocrx_word' id='word_1_358' title='bbox 514 3299 610 3372; x_wconf 65' lang='lat' dir='ltr'><strong>enim</strong></span> <span class='ocrx_word' id='word_1_359' title='bbox 644 3300 759 3370; x_wconf 68' lang='lat' dir='ltr'><strong>maini</strong></span> <span class='ocrx_word' id='word_1_360' title='bbox 792 3313 845 3370; x_wconf 71' lang='lat' dir='ltr'><strong>est</strong></span> <span class='ocrx_word' id='word_1_361' title='bbox 874 3301 1097 3386; x_wconf 58' lang='lat' dir='ltr'><strong>bemficiung</strong></span> <span class='ocrx_word' id='word_1_362' title='bbox 1148 3295 1217 3387; x_wconf 77' lang='lat' dir='ltr'><strong>ipsi</strong></span> <span class='ocrx_word' id='word_1_363' title='bbox 1240 3309 1421 3388; x_wconf 86' lang='lat' dir='ltr'><strong>acceptum</strong></span> <span class='ocrx_word' id='word_1_364' title='bbox 1436 3297 1540 3382; x_wconf 81' lang='lat' dir='ltr'><strong>ferre,</strong></span> <span class='ocrx_word' id='word_1_365' title='bbox 1566 3298 1736 3393; x_wconf 87' lang='lat' dir='ltr'><strong>quiequid</strong></span> <span class='ocrx_word' id='word_1_366' title='bbox 1752 3299 1790 3370; x_wconf 91' lang='lat' dir='ltr'><strong>in</strong></span> <span class='ocrx_word' id='word_1_367' title='bbox 1808 3298 2012 3378; x_wconf 88' lang='lat' dir='ltr'><strong>hacScbola</strong></span> <span class='ocrx_word' id='word_1_368' title='bbox 2029 3309 2139 3378; x_wconf 89' lang='lat' dir='ltr'><strong>bene-</strong></span> 
     </span>
     <span class='ocr_line' id='line_1_30' title="bbox 111 3398 2140 3498; baseline 0.013 -42"><span class='ocrx_word' id='word_1_369' title='bbox 111 3425 218 3494; x_wconf 66' lang='lat' dir='ltr'><strong>quim</strong></span> <span class='ocrx_word' id='word_1_370' title='bbox 241 3415 335 3472; x_wconf 63' lang='lat' dir='ltr'><strong>mie</strong></span> <span class='ocrx_word' id='word_1_371' title='bbox 357 3404 402 3472; x_wconf 67' lang='lat' dir='ltr'><strong>de</strong></span> <span class='ocrx_word' id='word_1_372' title='bbox 425 3401 588 3472; x_wconf 64' lang='lat' dir='ltr'><strong>maximi,</strong></span> <span class='ocrx_word' id='word_1_373' title='bbox 612 3403 738 3486; x_wconf 64' lang='lat' dir='ltr'><strong>sebui,</strong></span> <span class='ocrx_word' id='word_1_374' title='bbox 762 3403 1012 3494; x_wconf 51' lang='lat' dir='ltr'><strong>(ininguine,</strong></span> <span class='ocrx_word' id='word_1_375' title='bbox 1035 3406 1098 3476; x_wconf 66' lang='lat' dir='ltr'><strong>de.</strong></span> <span class='ocrx_word' id='word_1_376' title='bbox 1149 3398 1309 3470; x_wconf 86' lang='lat' dir='ltr'><strong>liciorum</strong></span> <span class='ocrx_word' id='word_1_377' title='bbox 1324 3398 1362 3467; x_wconf 93' lang='lat' dir='ltr'><strong>in</strong></span> <span class='ocrx_word' id='word_1_378' title='bbox 1384 3423 1451 3468; x_wconf 88' lang='lat' dir='ltr'><strong>nos</strong></span> <span class='ocrx_word' id='word_1_379' title='bbox 1467 3400 1671 3474; x_wconf 87' lang='lat' dir='ltr'><strong>collocatur.</strong></span> <span class='ocrx_word' id='word_1_380' title='bbox 1723 3399 1874 3493; x_wconf 87' lang='lat' dir='ltr'><strong>Agimus</strong></span> <span class='ocrx_word' id='word_1_381' title='bbox 1896 3421 1930 3478; x_wconf 86' lang='lat' dir='ltr'><strong>et</strong></span> <span class='ocrx_word' id='word_1_382' title='bbox 1944 3411 2074 3498; x_wconf 87' lang='lat' dir='ltr'><strong>gratias</strong></span> <span class='ocrx_word' id='word_1_383' title='bbox 2090 3409 2140 3482; x_wconf 86' lang='lat' dir='ltr'><strong>ll·</strong></span> 
     </span>
     <span class='ocr_line' id='line_1_31' title="bbox 110 3499 2141 3601; baseline 0.006 -28"><span class='ocrx_word' id='word_1_384' title='bbox 110 3503 472 3596; x_wconf 78' lang='lat' dir='ltr'><strong>queomnibosuitae</strong></span> <span class='ocrx_word' id='word_1_385' title='bbox 496 3504 623 3574; x_wconf 86' lang='lat' dir='ltr'><strong>officiis</strong></span> <span class='ocrx_word' id='word_1_386' title='bbox 643 3504 734 3576; x_wconf 91' lang='lat' dir='ltr'><strong>alios</strong></span> <span class='ocrx_word' id='word_1_387' title='bbox 750 3507 887 3578; x_wconf 86' lang='lat' dir='ltr'><strong>docere.</strong></span> <span class='ocrx_word' id='word_1_388' title='bbox 938 3505 1098 3601; x_wconf 86' lang='lat' dir='ltr'><strong>Cumque</strong></span> <span class='ocrx_word' id='word_1_389' title='bbox 1148 3501 1361 3577; x_wconf 89' lang='lat' dir='ltr'><strong>lustrissimo</strong></span> <span class='ocrx_word' id='word_1_390' title='bbox 1384 3499 1544 3594; x_wconf 88' lang='lat' dir='ltr'><strong>Principi</strong></span> <span class='ocrx_word' id='word_1_391' title='bbox 1566 3500 1693 3574; x_wconf 84' lang='lat' dir='ltr'><strong>loanni</strong></span> <span class='ocrx_word' id='word_1_392' title='bbox 1712 3499 1888 3593; x_wconf 82' lang='lat' dir='ltr'><strong>Ernesto,</strong></span> <span class='ocrx_word' id='word_1_393' title='bbox 1914 3506 2008 3582; x_wconf 89' lang='lat' dir='ltr'><strong>Dnci</strong></span> <span class='ocrx_word' id='word_1_394' title='bbox 2029 3513 2141 3584; x_wconf 86' lang='lat' dir='ltr'><strong>Saxo-</strong></span> 
     </span>
     <span class='ocr_line' id='line_1_32' title="bbox 113 3601 2140 3699; baseline 0.008 -25"><span class='ocrx_word' id='word_1_395' title='bbox 113 3601 200 3676; x_wconf 89' lang='lat' dir='ltr'><strong>haec</strong></span> <span class='ocrx_word' id='word_1_396' title='bbox 223 3607 318 3678; x_wconf 85' lang='lat' dir='ltr'><strong>bons</strong></span> <span class='ocrx_word' id='word_1_397' title='bbox 342 3604 511 3680; x_wconf 81' lang='lat' dir='ltr'><strong>vereDei</strong></span> <span class='ocrx_word' id='word_1_398' title='bbox 532 3631 681 3680; x_wconf 88' lang='lat' dir='ltr'><strong>mouera</strong></span> <span class='ocrx_word' id='word_1_399' title='bbox 698 3607 738 3676; x_wconf 91' lang='lat' dir='ltr'><strong>in</strong></span> <span class='ocrx_word' id='word_1_400' title='bbox 754 3608 859 3680; x_wconf 90' lang='lat' dir='ltr'><strong>terris</strong></span> <span class='ocrx_word' id='word_1_401' title='bbox 874 3623 1098 3682; x_wconf 88' lang='lat' dir='ltr'><strong>essestatua-</strong></span> <span class='ocrx_word' id='word_1_402' title='bbox 1150 3605 1250 3688; x_wconf 81' lang='lat' dir='ltr'><strong>uiue,</strong></span> <span class='ocrx_word' id='word_1_403' title='bbox 1295 3603 1358 3699; x_wconf 71' lang='lat' dir='ltr'><strong>qui</strong></span> <span class='ocrx_word' id='word_1_404' title='bbox 1390 3619 1452 3678; x_wconf 63' lang='grc' dir='ltr'>Μ</span> <span class='ocrx_word' id='word_1_405' title='bbox 1481 3607 1680 3698; x_wconf 60' lang='lat' dir='ltr'><strong>praemiiis</strong></span> <span class='ocrx_word' id='word_1_406' title='bbox 1718 3608 1879 3680; x_wconf 62' lang='lat' dir='ltr'><strong>inimum</strong></span> <span class='ocrx_word' id='word_1_407' title='bbox 1908 3613 2140 3691; x_wconf 83' lang='lat' dir='ltr'><strong>clementissi.</strong></span> 
     </span>
     <span class='ocr_line' id='line_1_33' title="bbox 111 3706 2141 3806; baseline 0.012 -40"><span class='ocrx_word' id='word_1_408' title='bbox 111 3732 211 3792; x_wconf 70' lang='lat' dir='ltr'><strong>mm,</strong></span> <span class='ocrx_word' id='word_1_409' title='bbox 242 3709 362 3780; x_wconf 65' lang='lat' dir='ltr'><strong>Dium</strong></span> <span class='ocrx_word' id='word_1_410' title='bbox 384 3709 564 3784; x_wconf 61' lang='lat' dir='ltr'><strong>vindicem</strong></span> <span class='ocrx_word' id='word_1_411' title='bbox 590 3711 860 3799; x_wconf 64' lang='lat' dir='ltr'><strong>ingratitudinis</strong></span> <span class='ocrx_word' id='word_1_412' title='bbox 885 3707 1035 3806; x_wconf 66' lang='lat' dir='ltr'><strong>tow),</strong></span> <span class='ocrx_word' id='word_1_413' title='bbox 1069 3713 1099 3784; x_wconf 73' lang='lat' dir='ltr'><strong>ei</strong></span> <span class='ocrx_word' id='word_1_414' title='bbox 1148 3723 1345 3796; x_wconf 83' lang='lat' dir='ltr'><strong>momerga</strong></span> <span class='ocrx_word' id='word_1_415' title='bbox 1366 3706 1826 3784; x_wconf 82' lang='lat' dir='ltr'><strong>literarumProsessoreset</strong></span> <span class='ocrx_word' id='word_1_416' title='bbox 1843 3707 1928 3784; x_wconf 87' lang='lat' dir='ltr'><strong>haee</strong></span> <span class='ocrx_word' id='word_1_417' title='bbox 1947 3719 2141 3790; x_wconf 84' lang='lat' dir='ltr'><strong>studiade·</strong></span> 
     </span>
     <span class='ocr_line' id='line_1_34' title="bbox 112 3807 2141 3906; baseline 0.008 -27"><span class='ocrx_word' id='word_1_418' title='bbox 112 3812 193 3904; x_wconf 89' lang='lat' dir='ltr'><strong>qnis</strong></span> <span class='ocrx_word' id='word_1_419' title='bbox 214 3812 376 3902; x_wconf 89' lang='lat' dir='ltr'><strong>ingratus</strong></span> <span class='ocrx_word' id='word_1_420' title='bbox 396 3813 505 3884; x_wconf 83' lang='lat' dir='ltr'><strong>luerit</strong></span> <span class='ocrx_word' id='word_1_421' title='bbox 521 3814 691 3884; x_wconf 82' lang='lat' dir='ltr'><strong>adversus</strong></span> <span class='ocrx_word' id='word_1_422' title='bbox 706 3837 786 3900; x_wconf 84' lang='lat' dir='ltr'><strong>vos,</strong></span> <span class='ocrx_word' id='word_1_423' title='bbox 811 3827 965 3906; x_wconf 88' lang='lat' dir='ltr'><strong>quorum</strong></span> <span class='ocrx_word' id='word_1_424' title='bbox 991 3839 1098 3906; x_wconf 87' lang='lat' dir='ltr'><strong>opera</strong></span> <span class='ocrx_word' id='word_1_425' title='bbox 1150 3810 1285 3880; x_wconf 65' lang='lat' dir='ltr'><strong>clarete</strong></span> <span class='ocrx_word' id='word_1_426' title='bbox 1308 3809 1435 3882; x_wconf 74' lang='lat' dir='ltr'><strong>voluit·</strong></span> <span class='ocrx_word' id='word_1_427' title='bbox 1490 3807 1640 3901; x_wconf 69' lang='lat' dir='ltr'><strong>Agimus</strong></span> <span class='ocrx_word' id='word_1_428' title='bbox 1655 3827 1690 3884; x_wconf 73' lang='lat' dir='ltr'><strong>el</strong></span> <span class='ocrx_word' id='word_1_429' title='bbox 1707 3813 1837 3902; x_wconf 86' lang='lat' dir='ltr'><strong>gratias</strong></span> <span class='ocrx_word' id='word_1_430' title='bbox 1852 3813 2045 3906; x_wconf 67' lang='lat' dir='ltr'><strong>Magnifico</strong></span> <span class='ocrx_word' id='word_1_431' title='bbox 2067 3819 2141 3896; x_wconf 82' lang='lat' dir='ltr'><strong>tte-</strong></span> 
     </span>
     <span class='ocr_line' id='line_1_35' title="bbox 110 3911 2141 4008; baseline 0.006 -25"><span class='ocrx_word' id='word_1_432' title='bbox 110 3915 230 3985; x_wconf 90' lang='lat' dir='ltr'><strong>aditus</strong></span> <span class='ocrx_word' id='word_1_433' title='bbox 256 3914 324 4007; x_wconf 93' lang='lat' dir='ltr'><strong>ipsi</strong></span> <span class='ocrx_word' id='word_1_434' title='bbox 349 3917 541 4006; x_wconf 80' lang='lat' dir='ltr'><strong>patefactus</strong></span> <span class='ocrx_word' id='word_1_435' title='bbox 561 3930 613 3986; x_wconf 92' lang='lat' dir='ltr'><strong>est</strong></span> <span class='ocrx_word' id='word_1_436' title='bbox 636 3918 680 3986; x_wconf 90' lang='lat' dir='ltr'><strong>ad</strong></span> <span class='ocrx_word' id='word_1_437' title='bbox 696 3911 759 3988; x_wconf 90' lang='lat' dir='ltr'><strong>has</strong></span> <span class='ocrx_word' id='word_1_438' title='bbox 775 3917 927 4008; x_wconf 87' lang='lat' dir='ltr'><strong>optimas</strong></span> <span class='ocrx_word' id='word_1_439' title='bbox 944 3943 986 3988; x_wconf 91' lang='lat' dir='ltr'><strong>ac</strong></span> <span class='ocrx_word' id='word_1_440' title='bbox 1003 3918 1100 3988; x_wconf 88' lang='lat' dir='ltr'><strong>divi.</strong></span> <span class='ocrx_word' id='word_1_441' title='bbox 1150 3911 1261 3994; x_wconf 86' lang='lat' dir='ltr'><strong>ctori,</strong></span> <span class='ocrx_word' id='word_1_442' title='bbox 1293 3911 1471 4002; x_wconf 89' lang='lat' dir='ltr'><strong>generosis</strong></span> <span class='ocrx_word' id='word_1_443' title='bbox 1495 3937 1535 3982; x_wconf 87' lang='lat' dir='ltr'><strong>ac</strong></span> <span class='ocrx_word' id='word_1_444' title='bbox 1554 3915 1737 3986; x_wconf 87' lang='lat' dir='ltr'><strong>nobilibus</strong></span> <span class='ocrx_word' id='word_1_445' title='bbox 1756 3913 1925 3988; x_wconf 77' lang='lat' dir='ltr'><strong>Domims</strong></span> <span class='ocrx_word' id='word_1_446' title='bbox 1939 3918 2141 3996; x_wconf 88' lang='lat' dir='ltr'><strong>Comitibus</strong></span> 
     </span>
     <span class='ocr_line' id='line_1_36' title="bbox 112 4011 2143 4112; baseline 0.005 -27"><span class='ocrx_word' id='word_1_447' title='bbox 112 4040 178 4086; x_wconf 90' lang='lat' dir='ltr'><strong>nas</strong></span> <span class='ocrx_word' id='word_1_448' title='bbox 193 4033 295 4088; x_wconf 79' lang='lat' dir='ltr'><strong>artes.</strong></span> <span class='ocrx_word' id='word_1_449' title='bbox 347 4016 469 4107; x_wconf 88' lang='lat' dir='ltr'><strong>Quare</strong></span> <span class='ocrx_word' id='word_1_450' title='bbox 486 4017 715 4111; x_wconf 90' lang='lat' dir='ltr'><strong>pollicemur,</strong></span> <span class='ocrx_word' id='word_1_451' title='bbox 743 4043 810 4090; x_wconf 92' lang='lat' dir='ltr'><strong>nos</strong></span> <span class='ocrx_word' id='word_1_452' title='bbox 835 4031 1007 4111; x_wconf 84' lang='lat' dir='ltr'><strong>perpetuo</strong></span> <span class='ocrx_word' id='word_1_453' title='bbox 1032 4045 1099 4090; x_wconf 88' lang='lat' dir='ltr'><strong>vo·</strong></span> <span class='ocrx_word' id='word_1_454' title='bbox 1151 4038 1191 4086; x_wconf 89' lang='lat' dir='ltr'><strong>ac</strong></span> <span class='ocrx_word' id='word_1_455' title='bbox 1212 4011 1433 4098; x_wconf 68' lang='lat' dir='ltr'><strong>Baimoibus,</strong></span> <span class='ocrx_word' id='word_1_456' title='bbox 1454 4015 1532 4086; x_wconf 86' lang='lat' dir='ltr'><strong>viro</strong></span> <span class='ocrx_word' id='word_1_457' title='bbox 1549 4017 1665 4091; x_wconf 87' lang='lat' dir='ltr'><strong>nobili</strong></span> <span class='ocrx_word' id='word_1_458' title='bbox 1682 4019 1835 4110; x_wconf 88' lang='lat' dir='ltr'><strong>praesidi</strong></span> <span class='ocrx_word' id='word_1_459' title='bbox 1854 4017 2050 4112; x_wconf 79' lang='lat' dir='ltr'><strong>saxoniae,</strong></span> <span class='ocrx_word' id='word_1_460' title='bbox 2076 4027 2143 4096; x_wconf 89' lang='lat' dir='ltr'><strong>do-</strong></span> 
     </span>
     <span class='ocr_line' id='line_1_37' title="bbox 111 4115 2143 4214; baseline 0.004 -24"><span class='ocrx_word' id='word_1_461' title='bbox 111 4121 170 4190; x_wconf 91' lang='lat' dir='ltr'><strong>bis</strong></span> <span class='ocrx_word' id='word_1_462' title='bbox 191 4121 339 4209; x_wconf 86' lang='lat' dir='ltr'><strong>gratiam</strong></span> <span class='ocrx_word' id='word_1_463' title='bbox 365 4117 551 4194; x_wconf 88' lang='lat' dir='ltr'><strong>habituros</strong></span> <span class='ocrx_word' id='word_1_464' title='bbox 573 4144 665 4206; x_wconf 88' lang='lat' dir='ltr'><strong>esse,</strong></span> <span class='ocrx_word' id='word_1_465' title='bbox 704 4145 744 4192; x_wconf 88' lang='lat' dir='ltr'><strong>ac</strong></span> <span class='ocrx_word' id='word_1_466' title='bbox 771 4122 917 4192; x_wconf 91' lang='lat' dir='ltr'><strong>daturos</strong></span> <span class='ocrx_word' id='word_1_467' title='bbox 945 4147 1099 4214; x_wconf 90' lang='lat' dir='ltr'><strong>operam,</strong></span> <span class='ocrx_word' id='word_1_468' title='bbox 1151 4115 1317 4189; x_wconf 90' lang='lat' dir='ltr'><strong>ctissimis</strong></span> <span class='ocrx_word' id='word_1_469' title='bbox 1342 4116 1445 4202; x_wconf 91' lang='lat' dir='ltr'><strong>viris,</strong></span> <span class='ocrx_word' id='word_1_470' title='bbox 1472 4142 1552 4190; x_wconf 88' lang='lat' dir='ltr'><strong>cum</strong></span> <span class='ocrx_word' id='word_1_471' title='bbox 1575 4118 1728 4190; x_wconf 87' lang='lat' dir='ltr'><strong>aliarum</strong></span> <span class='ocrx_word' id='word_1_472' title='bbox 1747 4121 1955 4194; x_wconf 78' lang='lat' dir='ltr'><strong>facultatum</strong></span> <span class='ocrx_word' id='word_1_473' title='bbox 1974 4123 2143 4198; x_wconf 92' lang='lat' dir='ltr'><strong>Doctori·</strong></span> 
     </span>
     <span class='ocr_line' id='line_1_38' title="bbox 103 4219 2141 4318; baseline 0.012 -42"><span class='ocrx_word' id='word_1_474' title='bbox 103 4236 174 4308; x_wconf 65' lang='lat' dir='ltr'><strong>m,</strong></span> <span class='ocrx_word' id='word_1_475' title='bbox 206 4245 420 4318; x_wconf 73' lang='lat' dir='ltr'><strong>quocunque</strong></span> <span class='ocrx_word' id='word_1_476' title='bbox 444 4223 552 4294; x_wconf 81' lang='lat' dir='ltr'><strong>officii</strong></span> <span class='ocrx_word' id='word_1_477' title='bbox 577 4243 706 4314; x_wconf 88' lang='lat' dir='ltr'><strong>genere</strong></span> <span class='ocrx_word' id='word_1_478' title='bbox 727 4225 939 4316; x_wconf 86' lang='lat' dir='ltr'><strong>poterimus,</strong></span> <span class='ocrx_word' id='word_1_479' title='bbox 974 4249 1100 4298; x_wconf 84' lang='lat' dir='ltr'><strong>cunsu-</strong></span> <span class='ocrx_word' id='word_1_480' title='bbox 1145 4219 1236 4302; x_wconf 74' lang='lat' dir='ltr'><strong>,bus,</strong></span> <span class='ocrx_word' id='word_1_481' title='bbox 1276 4232 1352 4292; x_wconf 90' lang='lat' dir='ltr'><strong>tum</strong></span> <span class='ocrx_word' id='word_1_482' title='bbox 1375 4219 1566 4314; x_wconf 86' lang='lat' dir='ltr'><strong>praecipue</strong></span> <span class='ocrx_word' id='word_1_483' title='bbox 1594 4222 1742 4292; x_wconf 80' lang='lat' dir='ltr'><strong>domino</strong></span> <span class='ocrx_word' id='word_1_484' title='bbox 1766 4220 1916 4296; x_wconf 86' lang='lat' dir='ltr'><strong>Ductori</strong></span> <span class='ocrx_word' id='word_1_485' title='bbox 1938 4225 2141 4302; x_wconf 86' lang='lat' dir='ltr'><strong>Medicinae</strong></span> 
     </span>
     <span class='ocr_line' id='line_1_39' title="bbox 109 4321 2142 4424; baseline 0.005 -30"><span class='ocrx_word' id='word_1_486' title='bbox 109 4325 182 4396; x_wconf 91' lang='lat' dir='ltr'><strong>late</strong></span> <span class='ocrx_word' id='word_1_487' title='bbox 198 4350 261 4418; x_wconf 93' lang='lat' dir='ltr'><strong>per</strong></span> <span class='ocrx_word' id='word_1_488' title='bbox 274 4325 496 4398; x_wconf 88' lang='lat' dir='ltr'><strong>occasionem</strong></span> <span class='ocrx_word' id='word_1_489' title='bbox 516 4327 722 4400; x_wconf 74' lang='lat' dir='ltr'><strong>refermus.</strong></span> <span class='ocrx_word' id='word_1_490' title='bbox 772 4325 869 4402; x_wconf 81' lang='lat' dir='ltr'><strong>Dixi.</strong></span> <span class='ocrx_word' id='word_1_491' title='bbox 1152 4321 1349 4415; x_wconf 88' lang='lat' dir='ltr'><strong>promotori</strong></span> <span class='ocrx_word' id='word_1_492' title='bbox 1372 4335 1513 4408; x_wconf 88' lang='lat' dir='ltr'><strong>nostro,</strong></span> <span class='ocrx_word' id='word_1_493' title='bbox 1553 4323 1656 4396; x_wconf 90' lang='lat' dir='ltr'><strong>cuius</strong></span> <span class='ocrx_word' id='word_1_494' title='bbox 1678 4325 1804 4396; x_wconf 84' lang='lat' dir='ltr'><strong>officiis</strong></span> <span class='ocrx_word' id='word_1_495' title='bbox 1833 4342 1870 4399; x_wconf 92' lang='lat' dir='ltr'><strong>et</strong></span> <span class='ocrx_word' id='word_1_496' title='bbox 1891 4353 2000 4420; x_wconf 88' lang='lat' dir='ltr'><strong>opera</strong></span> <span class='ocrx_word' id='word_1_497' title='bbox 2026 4333 2142 4424; x_wconf 89' lang='lat' dir='ltr'><strong>pluri-</strong></span> 
     </span>
     <span class='ocr_line' id='line_1_40' title="bbox 1152 4421 2143 4524; baseline 0.011 -28"><span class='ocrx_word' id='word_1_498' title='bbox 1152 4449 1251 4496; x_wconf 88' lang='lat' dir='ltr'><strong>mum</strong></span> <span class='ocrx_word' id='word_1_499' title='bbox 1268 4425 1474 4498; x_wconf 69' lang='lat' dir='ltr'><strong>uisuntur.</strong></span> <span class='ocrx_word' id='word_1_500' title='bbox 1527 4421 1680 4500; x_wconf 82' lang='lat' dir='ltr'><strong>Gratum</strong></span> <span class='ocrx_word' id='word_1_501' title='bbox 1703 4427 1811 4498; x_wconf 87' lang='lat' dir='ltr'><strong>etiarn</strong></span> <span class='ocrx_word' id='word_1_502' title='bbox 1829 4430 1934 4502; x_wconf 91' lang='lat' dir='ltr'><strong>nobis</strong></span> <span class='ocrx_word' id='word_1_503' title='bbox 1950 4430 2143 4524; x_wconf 90' lang='lat' dir='ltr'><strong>Magistro-</strong></span> 
     </span>
    </p>

    <p class='ocr_par' dir='ltr' id='par_1_3' title="bbox 1152 4521 2143 4628">
     <span class='ocr_line' id='line_1_41' title="bbox 1152 4521 2143 4628; baseline 0.009 -31"><span class='ocrx_word' id='word_1_504' title='bbox 1152 4551 1232 4599; x_wconf 91' lang='lat' dir='ltr'><strong>rum</strong></span> <span class='ocrx_word' id='word_1_505' title='bbox 1262 4540 1298 4598; x_wconf 91' lang='lat' dir='ltr'><strong>et</strong></span> <span class='ocrx_word' id='word_1_506' title='bbox 1319 4521 1621 4602; x_wconf 78' lang='lat' dir='ltr'><strong>scholasticorum</strong></span> <span class='ocrx_word' id='word_1_507' title='bbox 1648 4529 1805 4602; x_wconf 84' lang='lat' dir='ltr'><strong>officium</strong></span> <span class='ocrx_word' id='word_1_508' title='bbox 1834 4547 1905 4617; x_wconf 89' lang='lat' dir='ltr'><strong>est,</strong></span> <span class='ocrx_word' id='word_1_509' title='bbox 1943 4537 2005 4628; x_wconf 91' lang='lat' dir='ltr'><strong>qui</strong></span> <span class='ocrx_word' id='word_1_510' title='bbox 2028 4539 2143 4610; x_wconf 91' lang='lat' dir='ltr'><strong>nostri</strong></span> 
     </span>
    </p>

    <p class='ocr_par' dir='ltr' id='par_1_4' title="bbox 1153 4623 2145 4725">
     <span class='ocr_line' id='line_1_42' title="bbox 1153 4623 2145 4725; baseline 0.014 -27"><span class='ocrx_word' id='word_1_511' title='bbox 1153 4625 1302 4700; x_wconf 86' lang='lat' dir='ltr'><strong>bonoria</strong></span> <span class='ocrx_word' id='word_1_512' title='bbox 1317 4649 1421 4700; x_wconf 84' lang='lat' dir='ltr'><strong>cansa</strong></span> <span class='ocrx_word' id='word_1_513' title='bbox 1442 4631 1489 4702; x_wconf 88' lang='lat' dir='ltr'><strong>ad</strong></span> <span class='ocrx_word' id='word_1_514' title='bbox 1501 4623 1593 4700; x_wconf 90' lang='lat' dir='ltr'><strong>banc</strong></span> <span class='ocrx_word' id='word_1_515' title='bbox 1609 4655 1773 4725; x_wconf 89' lang='lat' dir='ltr'><strong>pompam</strong></span> <span class='ocrx_word' id='word_1_516' title='bbox 1787 4653 2045 4716; x_wconf 83' lang='lat' dir='ltr'><strong>convenerunt.</strong></span> <span class='ocrx_word' id='word_1_517' title='bbox 2070 4637 2145 4712; x_wconf 89' lang='lat' dir='ltr'><strong>Nos</strong></span> 
     </span>
    </p>

    <p class='ocr_par' dir='ltr' id='par_1_5' title="bbox 147 4689 2145 4964">
     <span class='ocr_line' id='line_1_43' title="bbox 147 4689 2145 4828; baseline 0.01 -33"><span class='ocrx_word' id='word_1_518' title='bbox 147 4691 214 4764; x_wconf 78' lang='lat' dir='ltr'><strong>N0·</strong></span> <span class='ocrx_word' id='word_1_519' title='bbox 245 4693 302 4769; x_wconf 76' lang='lat'><strong>¹⁵·</strong></span> <span class='ocrx_word' id='word_1_520' title='bbox 849 4689 1092 4825; x_wconf 58' lang='lat' dir='ltr'><strong>Q</strong></span> <span class='ocrx_word' id='word_1_521' title='bbox 1154 4727 1223 4804; x_wconf 88' lang='lat' dir='ltr'><strong>hoe</strong></span> <span class='ocrx_word' id='word_1_522' title='bbox 1251 4746 1410 4824; x_wconf 88' lang='lat' dir='ltr'><strong>tempore</strong></span> <span class='ocrx_word' id='word_1_523' title='bbox 1434 4733 1583 4827; x_wconf 83' lang='lat' dir='ltr'><strong>gratiam</strong></span> <span class='ocrx_word' id='word_1_524' title='bbox 1606 4733 1742 4804; x_wconf 85' lang='lat' dir='ltr'><strong>nullam</strong></span> <span class='ocrx_word' id='word_1_525' title='bbox 1768 4750 1908 4828; x_wconf 87' lang='lat' dir='ltr'><strong>praeter</strong></span> <span class='ocrx_word' id='word_1_526' title='bbox 1931 4733 2024 4810; x_wconf 90' lang='lat' dir='ltr'><strong>banc</strong></span> <span class='ocrx_word' id='word_1_527' title='bbox 2046 4767 2145 4814; x_wconf 90' lang='lat' dir='ltr'><strong>com-</strong></span> 
     </span>
     <span class='ocr_line' id='line_1_44' title="bbox 182 4833 2145 4964; baseline 0.01 -67"><span class='ocrx_word' id='word_1_528' title='bbox 182 4891 213 4946; x_wconf 58' lang='lat' dir='ltr'>h</span> <span class='ocrx_word' id='word_1_529' title='bbox 229 4891 344 4962; x_wconf 76' lang='lat' dir='ltr'><strong>Qoscst</strong></span> <span class='ocrx_word' id='word_1_530' title='bbox 357 4893 390 4948; x_wconf 43' lang='lat' dir='ltr'><strong>&#39;b</strong></span> <span class='ocrx_word' id='word_1_531' title='bbox 405 4891 496 4948; x_wconf 56' lang='lat' dir='ltr'><strong>Em</strong></span> <span class='ocrx_word' id='word_1_532' title='bbox 510 4891 588 4947; x_wconf 51' lang='lat' dir='ltr'><strong>edm·</strong></span> <span class='ocrx_word' id='word_1_533' title='bbox 608 4909 638 4964; x_wconf 39' lang='lat' dir='ltr'><strong>P·</strong></span> <span class='ocrx_word' id='word_1_534' title='bbox 654 4855 735 4948; x_wconf 43' lang='lat' dir='ltr'><strong>15⁵⁸ss</strong></span> <span class='ocrx_word' id='word_1_535' title='bbox 750 4909 807 4964; x_wconf 77' lang='lat' dir='ltr'><strong>sq..</strong></span> <span class='ocrx_word' id='word_1_536' title='bbox 828 4889 874 4946; x_wconf 79' lang='lat' dir='ltr'><strong>eat</strong></span> <span class='ocrx_word' id='word_1_537' title='bbox 895 4887 966 4944; x_wconf 74' lang='lat' dir='ltr'><strong>mate</strong></span> <span class='ocrx_word' id='word_1_538' title='bbox 987 4887 1021 4944; x_wconf 48' lang='lat' dir='ltr'><strong>&#39;d</strong></span> <span class='ocrx_word' id='word_1_539' title='bbox 1040 4907 1104 4946; x_wconf 59' lang='lat' dir='ltr'>m</span> <span class='ocrx_word' id='word_1_540' title='bbox 1153 4833 1446 4906; x_wconf 88' lang='lat' dir='ltr'><strong>memorationem</strong></span> <span class='ocrx_word' id='word_1_541' title='bbox 1485 4848 1625 4908; x_wconf 90' lang='lat' dir='ltr'><strong>nostrae</strong></span> <span class='ocrx_word' id='word_1_542' title='bbox 1652 4836 1851 4912; x_wconf 84' lang='lat' dir='ltr'><strong>voluntatis</strong></span> <span class='ocrx_word' id='word_1_543' title='bbox 1872 4841 2021 4912; x_wconf 86' lang='lat' dir='ltr'><strong>reddere</strong></span> <span class='ocrx_word' id='word_1_544' title='bbox 2045 4847 2145 4916; x_wconf 85' lang='lat' dir='ltr'><strong>vobis</strong></span> 
     </span>
    </p>
   </div>
   <div class='ocr_carea' id='block_1_3' title="bbox 217 4933 2146 5137">
    <p class='ocr_par' dir='ltr' id='par_1_6' title="bbox 217 4933 2146 5137">
     <span class='ocr_line' id='line_1_45' title="bbox 217 4933 2146 5033; baseline 0 -17"><span class='ocrx_word' id='word_1_545' title='bbox 217 4961 292 5022; x_wconf 77' lang='lat' dir='ltr'><strong>tstt.</strong></span> <span class='ocrx_word' id='word_1_546' title='bbox 308 4963 438 5018; x_wconf 70' lang='lat' dir='ltr'><strong>rdcrssm</strong></span> <span class='ocrx_word' id='word_1_547' title='bbox 1156 4959 1353 5029; x_wconf 89' lang='lat' dir='ltr'><strong>possumus.</strong></span> <span class='ocrx_word' id='word_1_548' title='bbox 1413 4933 1483 5010; x_wconf 84' lang='lat' dir='ltr'><strong>Sed</strong></span> <span class='ocrx_word' id='word_1_549' title='bbox 1506 4937 1630 5032; x_wconf 90' lang='lat' dir='ltr'><strong>siquo</strong></span> <span class='ocrx_word' id='word_1_550' title='bbox 1653 4939 1853 5012; x_wconf 75' lang='lat' dir='ltr'><strong>allooll&#39;seii</strong></span> <span class='ocrx_word' id='word_1_551' title='bbox 1878 4965 2007 5033; x_wconf 85' lang='lat' dir='ltr'><strong>genere</strong></span> <span class='ocrx_word' id='word_1_552' title='bbox 2030 4947 2146 5017; x_wconf 89' lang='lat' dir='ltr'><strong>decla-</strong></span> 
     </span>
     <span class='ocr_line' id='line_1_46' title="bbox 547 5037 2146 5137; baseline 0.009 -33"><span class='ocrx_word' id='word_1_553' title='bbox 547 5037 553 5054; x_wconf 84' lang='lat'><strong><em>‘</em></strong></span> <span class='ocrx_word' id='word_1_554' title='bbox 1155 5060 1233 5110; x_wconf 87' lang='lat' dir='ltr'><strong>rare</strong></span> <span class='ocrx_word' id='word_1_555' title='bbox 1267 5039 1520 5130; x_wconf 80' lang='lat' dir='ltr'><strong>gratitudinem</strong></span> <span class='ocrx_word' id='word_1_556' title='bbox 1554 5054 1712 5112; x_wconf 88' lang='lat' dir='ltr'><strong>nostram</strong></span> <span class='ocrx_word' id='word_1_557' title='bbox 1746 5067 1905 5137; x_wconf 90' lang='lat' dir='ltr'><strong>uuquam</strong></span> <span class='ocrx_word' id='word_1_558' title='bbox 1940 5049 2146 5137; x_wconf 87' lang='lat' dir='ltr'><strong>poterimus,</strong></span> 
     </span>
    </p>
   </div>
   <div class='ocr_carea' id='block_1_4' title="bbox 282 5093 2145 5232">
    <p class='ocr_par' dir='ltr' id='par_1_7' title="bbox 282 5093 2145 5232">
     <span class='ocr_line' id='line_1_47' title="bbox 282 5093 2145 5232; baseline 0.022 -50"><span class='ocrx_word' id='word_1_559' title='bbox 282 5103 502 5172; x_wconf 66' lang='lat' dir='ltr'><strong>⁶?ssle</strong></span> <span class='ocrx_word' id='word_1_560' title='bbox 529 5103 628 5171; x_wconf 63' lang='lat'><strong><em>“⁰¹5⁰</em></strong></span> <span class='ocrx_word' id='word_1_561' title='bbox 655 5103 697 5172; x_wconf 52' lang='lat'><strong>⁸7¹</strong></span> <span class='ocrx_word' id='word_1_562' title='bbox 723 5093 937 5171; x_wconf 54' lang='lat' dir='ltr'>‘mmmm&#39;</span> <span class='ocrx_word' id='word_1_563' title='bbox 1155 5141 1319 5217; x_wconf 90' lang='lat' dir='ltr'><strong>dabimus</strong></span> <span class='ocrx_word' id='word_1_564' title='bbox 1343 5165 1505 5232; x_wconf 88' lang='lat' dir='ltr'><strong>operam,</strong></span> <span class='ocrx_word' id='word_1_565' title='bbox 1530 5157 1572 5214; x_wconf 93' lang='lat' dir='ltr'><strong>ut</strong></span> <span class='ocrx_word' id='word_1_566' title='bbox 1588 5167 1663 5214; x_wconf 90' lang='lat' dir='ltr'><strong>non</strong></span> <span class='ocrx_word' id='word_1_567' title='bbox 1676 5145 1910 5218; x_wconf 86' lang='lat' dir='ltr'><strong>desideraturi</strong></span> <span class='ocrx_word' id='word_1_568' title='bbox 1931 5149 2007 5220; x_wconf 91' lang='lat' dir='ltr'><strong>sitis</strong></span> <span class='ocrx_word' id='word_1_569' title='bbox 2022 5152 2061 5220; x_wconf 90' lang='lat' dir='ltr'><strong>in</strong></span> <span class='ocrx_word' id='word_1_570' title='bbox 2078 5175 2145 5222; x_wconf 92' lang='lat' dir='ltr'><strong>no-</strong></span> 
     </span>
    </p>
   </div>
   <div class='ocr_carea' id='block_1_5' title="bbox 108 5239 1642 5448">
    <p class='ocr_par' dir='ltr' id='par_1_8' title="bbox 108 5239 1642 5448">
     <span class='ocr_line' id='line_1_48' title="bbox 109 5239 1642 5344; baseline -0.005 -14"><span class='ocrx_word' id='word_1_571' title='bbox 109 5241 211 5330; x_wconf 71' lang='lat' dir='ltr'><strong>Cum</strong></span> <span class='ocrx_word' id='word_1_572' title='bbox 248 5253 468 5344; x_wconf 90' lang='lat' dir='ltr'><strong>amplissimo</strong></span> <span class='ocrx_word' id='word_1_573' title='bbox 505 5247 642 5322; x_wconf 92' lang='lat' dir='ltr'><strong>bonore</strong></span> <span class='ocrx_word' id='word_1_574' title='bbox 680 5251 774 5322; x_wconf 88' lang='lat' dir='ltr'><strong>aucti</strong></span> <span class='ocrx_word' id='word_1_575' title='bbox 809 5251 938 5336; x_wconf 85' lang='lat' dir='ltr'><strong>simus,</strong></span> <span class='ocrx_word' id='word_1_576' title='bbox 969 5275 1103 5322; x_wconf 82' lang='lat' dir='ltr'><strong>conve·</strong></span> <span class='ocrx_word' id='word_1_577' title='bbox 1153 5244 1210 5321; x_wconf 76' lang='lat' dir='ltr'><strong>his</strong></span> <span class='ocrx_word' id='word_1_578' title='bbox 1228 5239 1497 5319; x_wconf 82' lang='lat' dir='ltr'><strong>humanitatem.</strong></span> <span class='ocrx_word' id='word_1_579' title='bbox 1547 5241 1642 5322; x_wconf 84' lang='lat' dir='ltr'><strong>Dlsi.</strong></span> 
     </span>
     <span class='ocr_line' id='line_1_49' title="bbox 108 5353 1446 5448; baseline -0.01 -18"><span class='ocrx_word' id='word_1_580' title='bbox 108 5359 186 5445; x_wconf 92' lang='lat' dir='ltr'><strong>toi,</strong></span> <span class='ocrx_word' id='word_1_581' title='bbox 221 5371 263 5430; x_wconf 92' lang='lat' dir='ltr'><strong>ut</strong></span> <span class='ocrx_word' id='word_1_582' title='bbox 292 5355 449 5426; x_wconf 82' lang='lat' dir='ltr'><strong>vicissim</strong></span> <span class='ocrx_word' id='word_1_583' title='bbox 482 5353 776 5445; x_wconf 83' lang='lat' dir='ltr'><strong>significationem</strong></span> <span class='ocrx_word' id='word_1_584' title='bbox 808 5353 966 5448; x_wconf 88' lang='lat' dir='ltr'><strong>aliquam</strong></span> <span class='ocrx_word' id='word_1_585' title='bbox 990 5353 1103 5444; x_wconf 85' lang='lat' dir='ltr'><strong>grati-</strong></span> <span class='ocrx_word' id='word_1_586' title='bbox 1442 5365 1446 5373; x_wconf 84' lang='lat'>·</span> 
     </span>
    </p>
   </div>
   <div class='ocr_carea' id='block_1_6' title="bbox 112 5470 1132 5521">
    <p class='ocr_par' dir='ltr' id='par_1_9' title="bbox 112 5470 1132 5521">
     <span class='ocr_line' id='line_1_50' title="bbox 112 5470 1132 5521; baseline -0.008 -8"><span class='ocrx_word' id='word_1_587' title='bbox 112 5499 322 5514; x_wconf 48' lang='grc' dir='ltr'><strong>ψ</strong></span> <span class='ocrx_word' id='word_1_588' title='bbox 1128 5470 1132 5521; x_wconf 66' lang='grc' dir='ltr'>Ι</span> 
     </span>
    </p>
   </div>
   <div class='ocr_carea' id='block_1_7' title="bbox 145 5536 1133 5644">
    <p class='ocr_par' dir='ltr' id='par_1_10' title="bbox 145 5536 1133 5644">
     <span class='ocr_line' id='line_1_51' title="bbox 145 5536 1133 5644; baseline -0.018 -18"><span class='ocrx_word' id='word_1_589' title='bbox 145 5573 174 5636; x_wconf 66' lang='lat' dir='ltr'><strong>‘i</strong></span> <span class='ocrx_word' id='word_1_590' title='bbox 195 5561 372 5625; x_wconf 69' lang='lat' dir='ltr'><strong>Desideratus</strong></span> <span class='ocrx_word' id='word_1_591' title='bbox 386 5577 545 5638; x_wconf 82' lang='lat' dir='ltr'><strong>putemus,</strong></span> <span class='ocrx_word' id='word_1_592' title='bbox 564 5563 605 5618; x_wconf 81' lang='lat' dir='ltr'><strong>rel</strong></span> <span class='ocrx_word' id='word_1_593' title='bbox 622 5561 724 5622; x_wconf 86' lang='lat' dir='ltr'><strong>simile.</strong></span> <span class='ocrx_word' id='word_1_594' title='bbox 780 5630 784 5644; x_wconf 35' lang='grc' dir='ltr'>ι</span> <span class='ocrx_word' id='word_1_595' title='bbox 1127 5536 1133 5634; x_wconf 86' lang='grc' dir='ltr'>Ι</span> 
     </span>
    </p>
   </div>
   <div class='ocr_carea' id='block_1_8' title="bbox 103 5629 1593 5736">
    <p class='ocr_par' dir='ltr' id='par_1_11' title="bbox 103 5629 1593 5736">
     <span class='ocr_line' id='line_1_52' title="bbox 103 5629 1593 5736; baseline -0.007 -1"><span class='ocrx_word' id='word_1_596' title='bbox 103 5671 281 5736; x_wconf 68' lang='lat' dir='ltr'><strong>iterasse.</strong></span> <span class='ocrx_word' id='word_1_597' title='bbox 309 5665 414 5732; x_wconf 83' lang='lat' dir='ltr'><strong>Orsa.</strong></span> <span class='ocrx_word' id='word_1_598' title='bbox 451 5666 534 5732; x_wconf 83' lang='lat' dir='ltr'><strong>Vos..</strong></span> <span class='ocrx_word' id='word_1_599' title='bbox 562 5663 606 5728; x_wconf 83' lang='lat' dir='ltr'><strong>X.</strong></span> <span class='ocrx_word' id='word_1_600' title='bbox 1270 5629 1275 5652; x_wconf 34' lang='grc' dir='ltr'><strong>ι</strong></span> <span class='ocrx_word' id='word_1_601' title='bbox 1543 5650 1593 5724; x_wconf 80' lang='grc'><strong>59</strong></span> 
     </span>
    </p>
   </div>
   <div class='ocr_carea' id='block_1_9' title="bbox 0 0 2348 6164">
    <p class='ocr_par' dir='ltr' id='par_1_12' title="bbox 0 0 2348 6164">
     <span class='ocr_line' id='line_1_53' title="bbox 0 0 2348 6164; baseline 0 0"><span class='ocrx_word' id='word_1_602' title='bbox 0 0 2348 6164; x_wconf 95' lang='lat' dir='ltr'><strong> </strong></span> 
     </span>
    </p>
   </div>
  </div>
 </body>
</html>
