4666 6170
77 294 150 370 sss
442 289 700 372 soamra
731 289 806 370 an
832 289 1036 367 mrsu
1063 283 1138 366 ar
1172 287 1411 374 omruu
1438 289 1749 403 rusulum.
2038 257 2127 374 sse

75 490 156 538 nam
185 465 327 537 medico
354 465 511 555 iaciunt,
543 470 604 540 sed
637 482 784 540 eventus
805 481 927 560 postea
949 464 1073 537 docuit
1121 467 1206 537 illae
1230 471 1407 540 eiusmodi
1430 471 1571 560 fierent,
1602 485 1754 543 mortem
1776 469 2012 564 significarent
2038 491 2116 540 cer-

74 591 143 640 esse
159 567 262 638 illam
278 562 422 666 κρίσιν,
442 585 483 642 ut
496 572 628 642 medici
642 572 841 666 loquuntur
854 570 1007 664 ἐλλειπῆ.
1121 572 1313 658 tissimam,
1344 574 1501 645 calculus
1524 590 1641 646 tamen
1667 571 1735 645 hoc
1754 587 1828 647 toto
1845 589 2003 674 tempore
2018 573 2051 641 ei
2065 571 2115 641 si-

176 669 312 744 Tristia
328 686 446 744 tamen
463 685 564 746 er'ant
577 673 742 767 inprimis
757 674 848 743 illud
869 673 1011 762 nigrum
1032 671 1070 740 in
1121 675 1197 744 mul
1221 677 1392 746 molestus
1417 699 1507 763 esse,
1540 692 1574 748 et
1598 679 1764 751 arenulae
1788 676 1957 746 omnibus
1988 672 2115 746 diebus

72 777 322 861 excrementis,
358 792 392 848 et
411 779 507 871 quod
532 791 611 869 post
632 800 881 872 paroxysmom
897 799 979 846 cum
996 775 1071 844 col·
1120 778 1268 867 copiose·
1285 781 1445 865 excerni,
1471 781 1623 874 quadam
1644 781 1750 851 etiam
1767 781 1825 850 die
1841 803 1881 850 ex
1899 777 2114 871 praecedeu-

71 879 185 948 locato
211 878 252 947 in
277 879 401 950 sellam
420 893 503 951 aute
524 880 703 952 lectulum„
712 880 814 950 cibus
831 878 863 949 ei
880 879 1070 970 praebere·
1120 880 1216 950 tibus
1237 881 1311 972 ipse
1330 906 1448 951 manu
1468 905 1530 952 sua
1556 895 1715 973 ereptum
1737 882 1913 953 calculum
1944 879 2114 950 dimidiae

71 995 144 1064 tur,
178 981 353 1075 quicquid
374 997 586 1056 assumserat
611 983 729 1053 statim
753 982 975 1065 revomebat,
1000 974 1069 1050 hoc
1118 981 1230 1053 lerme
1245 985 1435 1055 lenticulae
1450 985 1696 1076 magnitudine
1713 985 1882 1056 afferebat
1897 997 1932 1054 et
1947 967 2113 1054 o'stende-

72 1083 184 1168 euim,
218 1099 439 1178 quantopere
464 1086 654 1156 ventriculi
676 1086 790 1155 virtus
814 1083 945 1154 alllicta
967 1094 1069 1167 esset,
1118 1085 1179 1156 bat
1203 1088 1337 1162 amicis.
1390 1086 1497 1158 Tales
1521 1088 1630 1180 igitur
1643 1087 1769 1158 urinae
1787 1113 1867 1158 cum
1884 1085 2033 1157 luissent
2047 1108 2114 1154 an·
2221 1175 2226 1186 Ι

71 1185 260 1276 arguebat,
285 1189 492 1281 praesertim
517 1211 598 1258 cum
619 1213 699 1260 eum
716 1188 837 1258 cibum
854 1186 992 1257 vomitu
1009 1208 1068 1254 re-
1117 1199 1192 1274 tea,
1218 1183 1286 1258 hoc
1302 1203 1461 1281 tempore
1475 1185 1541 1260 hae
1559 1215 1700 1284 quoque
1713 1190 1864 1275 mutari,
1888 1213 2005 1282 neque
2020 1187 2112 1258 illud

71 1290 211 1374 iiceret,
253 1315 325 1384 quo
354 1292 499 1362 suavius
525 1315 633 1384 quam
655 1290 731 1363 ullo
755 1290 826 1361 alio
847 1289 920 1358 illis
942 1288 1068 1359 diebus
1116 1291 1334 1362 feculentum
1351 1308 1385 1362 et
1398 1294 1538 1385 piceum
1553 1297 1597 1362 de
1613 1317 1683 1387 quo
1700 1315 1805 1386 supra
1823 1291 1977 1363 diximus
1991 1292 2030 1359 in
2045 1285 2113 1374 his,

72 1391 161 1462 vmci
184 1392 345 1478 solebat,
369 1394 431 1486 qui
452 1407 528 1465 erat
543 1395 725 1464 fructuum
740 1417 863 1464 eorum
878 1390 942 1485 qui
958 1392 1066 1461 limo·
1117 1415 1234 1487 neque
1258 1395 1425 1464 arenulae
1448 1395 1561 1485 magis
1588 1419 1758 1488 apparere
1784 1409 1820 1466 et
1847 1394 2011 1466 turbidae
2037 1414 2112 1462 esse

74 1507 324 1566 revocantur
337 1495 426 1594 cocti
441 1520 522 1566 cum
538 1495 623 1566 vino
639 1509 673 1566 et
687 1521 790 1568 croco
804 1517 957 1585 asperso,
980 1487 1067 1563 haec
1116 1495 1296 1582 desinere,
1322 1498 1383 1566 sed
1407 1497 1578 1590 limpidae
1602 1513 1707 1592 atque
1730 1501 1820 1570 bene
1835 1497 2012 1568 coloratae
2025 1515 2113 1566 cou-

80 1597 201 1668 bebant
232 1611 315 1690 post
336 1592 462 1668 horam
485 1598 583 1668 illius
607 1598 680 1668 diei
705 1598 986 1692 pomeridianam
1011 1619 1067 1666 se-
1116 1599 1226 1690 spici,
1251 1623 1332 1669 cum
1356 1599 1396 1668 in
1418 1613 1571 1670 extrema
1594 1601 1778 1672 debilitate
1795 1614 1922 1672 natura
1939 1599 1979 1668 in
1994 1597 2111 1668 morbi

78 1699 236 1770 crudam.
295 1697 422 1773 Postea
453 1701 492 1768 in
521 1701 691 1771 lectulum
715 1723 877 1771 reversus
895 1698 1068 1774 dormivit
1116 1701 1301 1771 materiam
1321 1697 1416 1771 nihil
1444 1725 1588 1773 suarum
1619 1703 1753 1774 virium
1786 1713 1982 1794 exerceret,
2024 1695 2111 1772 baec

73 1804 239 1896 mquead
259 1801 438 1896 quintam,
463 1817 498 1874 et
515 1817 590 1874 tum
609 1803 649 1872 in
664 1804 869 1892 cubiculum
883 1823 920 1872 se
936 1799 1066 1870 deduci
1116 1804 1226 1894 igitur
1240 1805 1360 1874 omnia
1379 1805 1497 1900 qualia
1514 1819 1628 1876 essent
1643 1807 1746 1877 facile
1764 1805 2045 1896 intelligebatur,
2070 1815 2112 1873 ut

71 1905 201 1990 voluit,
226 1905 292 1976 uhi
315 1905 423 1978 iacuit
444 1929 556 1999 usque
578 1907 623 1975 ad
646 1905 741 1976 diem
757 1918 982 1998 sequentem,
1006 1927 1064 1971 ea·
1116 1908 1252 1978 devita
1276 1907 1347 1976 iam
1372 1929 1518 1999 prorsus
1536 1909 1718 2000 desperari
1739 1909 1966 2000 inciperetur.
2030 1902 2110 1998 lpse
2136 1927 2138 1937 ·

70 2032 133 2103 que
156 2013 266 2078 uoct'e
291 2025 436 2079 somnos
459 2007 620 2100 capiebat
641 2032 715 2078 non
746 2009 892 2097 longos,
925 2005 1065 2098 aliquos
1115 2009 1222 2079 etiam
1245 2022 1426 2100 aegrotus,
1453 2011 1517 2081 etsi
1542 2023 1577 2080 et
1600 2024 1725 2097 antea,
1751 2012 1908 2082 sedtum
1932 2007 2045 2099 magis
2061 2009 2107 2078 ad

68 2127 205 2198 umen,
257 2108 329 2182 Sed
360 2112 393 2181 ei
425 2125 497 2184 tota
519 2111 636 2201 gravis
657 2111 746 2198 luit,
777 2133 846 2205 qua
870 2109 991 2179 omnia
1015 2107 1064 2176 sic
1115 2126 1266 2185 mortem
1287 2126 1502 2205 separatum
1524 2113 1645 2182 animo
1664 2114 1898 2184 etvoluutate
1918 2111 2109 2204 profiteba-
2186 2125 2190 2137 ¹

67 2227 202 2285 mutata
227 2214 347 2298 luere,
386 2226 427 2285 ut
453 2227 672 2284 metueretur
692 2238 739 2284 ne
763 2213 935 2306 septimus
957 2233 1064 2302 paro·
1114 2227 1193 2300 tur,
1226 2237 1379 2310 cumque
1400 2229 1481 2285 ante
1505 2215 1674 2287 lectulum
1696 2213 1822 2285 Pastor
1840 2213 2019 2286 Ecclesiae
2038 2237 2108 2282 no-

69 2339 210 2412 xysmus
246 2316 419 2410 quicquid
453 2311 571 2387 adhoc
603 2317 783 2412 reliquum
816 2330 906 2386 esset
931 2313 1063 2382 virium
1115 2329 1208 2387 strae
1226 2341 1299 2388 una
1324 2343 1406 2388 cum
1420 2318 1500 2388 aliis
1518 2320 1584 2390 sub
1604 2314 1727 2388 horam
1742 2317 1840 2388 illius
1856 2319 1928 2389 diei
1946 2329 2107 2395 octavam

69 2443 172 2490 omne
206 2434 450 2503 consumeret,
483 2417 521 2488 id
547 2421 646 2513 quod
679 2434 714 2491 et
737 2419 876 2492 accidit.
940 2414 1063 2509 ltaque
1114 2433 1261 2507 astaret,
1293 2421 1338 2490 de
1371 2414 1437 2490 hac
1463 2423 1586 2490 eadem
1614 2446 1671 2503 re,
1706 2436 1741 2492 et
1764 2423 1860 2516 quod
1886 2423 1932 2491 ad
1955 2431 2106 2490 mortem
2219 2497 2227 2516 .

69 2523 294 2593 metuebatur
324 2521 400 2592 dies
430 2521 530 2592 illius
553 2523 786 2616 postridiana.
847 2519 925 2611 lpse
957 2518 1062 2588 etiam
1114 2538 1203 2594 esset
1226 2521 1346 2592 animo
1371 2523 1596 2608 confirmato,
1637 2526 1743 2593 verba
1767 2525 1935 2609 iaciebat,
1968 2536 2002 2593 et
2024 2544 2108 2590 mox

71 2639 228 2715 aegrotus
259 2624 368 2693 linem
397 2649 508 2717 prope
532 2649 606 2695 esse
626 2625 745 2695 dicere
767 2635 802 2692 et
824 2623 920 2692 inter
943 2643 1063 2713 preces
1114 2623 1248 2718 inquit:
1266 2620 1361 2715 'Ego
1374 2621 1443 2694 Dei
1467 2625 1639 2694 beneficio
1654 2627 1796 2696 nullum
1815 2621 1928 2696 habeo
1946 2625 2107 2696 dolorem

73 2751 144 2798 suas
166 2726 381 2798 exclamare:
415 2724 574 2798 Domine
594 2728 648 2798 lac
664 2727 790 2813 linem,
815 2748 922 2819 quam
940 2745 1062 2792 vocem
1113 2727 1367 2814 domesticum,
1409 2751 1480 2822 quo
1505 2727 1577 2798 iam
1601 2728 1827 2820 peculiariter
1849 2751 1968 2820 angar.
2027 2721 2107 2796 Etsi
2238 2749 2243 2762 ·

74 2825 273 2902 Erasmum
287 2827 570 2902 Roterodamum
595 2832 635 2899 in
661 2852 827 2922 supremo
849 2827 922 2898 illo¹
935 2826 1062 2896 morbo
1114 2825 1205 2900 mihi
1225 2843 1350 2924 neptes
1374 2843 1411 2900 et
1434 2844 1581 2922 nepotes
1606 2825 1666 2903 bic
1680 2845 1762 2902 ante
1775 2832 1898 2903 oculos
1913 2831 2108 2901 obversan-

81 2958 131 3003 sno
153 2955 368 3025 usurpasse,
401 2933 506 3004 uobis
536 2933 727 3015 relerebat,
758 2934 802 3001 ad
833 2929 1061 3000 novilunium
1113 2948 1192 3020 tur,
1218 2958 1307 3028 quos
1328 2935 1495 3004 ardenter
1514 2934 1643 3024 diligo,
1669 2947 1789 3006 tamen
1810 2959 1865 3004 me
1884 2928 1953 3004 bo'c
1978 2954 2106 3003 conso-

85 3049 181 3106 tuluu
217 3037 318 3130 quod
352 3035 581 3128 impendebat
608 3037 656 3106 'ad
680 3036 775 3106 diem
800 3036 846 3106 ab
868 3058 928 3114 0⁰,
963 3031 1062 3102 cuius
1113 3038 1225 3124 latur,
1258 3039 1355 3131 quod
1377 3037 1457 3131 pios
1479 3051 1644 3130 parentes
1665 3032 1820 3121 habent,
1846 3061 1937 3132 quos
1957 3050 1991 3109 et
2013 3035 2108 3127 ipsos

77 3129 213 3210 historia
229 3137 356 3208 iamin
368 3139 534 3209 manibus
550 3150 620 3224 est,
646 3139 830 3228 septimam
845 3139 889 3205 de
903 3133 1060 3228 periculo
1112 3137 1243 3229 diligo,
1273 3141 1336 3235 qui
1360 3165 1465 3211 curae
1492 3140 1575 3211 illos
1599 3141 1668 3209 sibi
1693 3164 1766 3210 esse
1788 3141 1988 3232 patientur,
2015 3137 2109 3207 sicut

75 3263 127 3312 suo
148 3241 398 3327 ominabatur,
428 3243 489 3312 sed
513 3241 622 3310 nimis
645 3240 779 3311 multae
803 3261 928 3308 causae
949 3249 1062 3317 erant,
1113 3237 1204 3310 mihi
1225 3236 1397 3312 hactenus
1416 3243 1581 3325 fuerunt,
1615 3245 1701 3313 dum
1721 3241 1834 3314 valui:
1867 3241 1939 3314 Sed
1963 3239 2107 3334 publica

72 3369 155 3438 quae
185 3346 234 3416 ad
255 3343 356 3413 ·itlud
386 3366 499 3438 usque
531 3360 670 3436 tempus
695 3341 866 3414 sustineri
896 3339 1060 3408 morbum
1112 3367 1169 3412 me
1182 3343 1361 3430 afliciunt,
1388 3345 1553 3436 inprimis
1570 3368 1715 3440 eaquae
1734 3339 1803 3416 hoc
1818 3345 1914 3416 malo
1929 3359 1965 3416 et
1985 3337 2109 3436 sophi-

70 3471 165 3540 posse
181 3469 257 3518 uon
276 3445 441 3516 sinebant
456 3471 607 3539 sperare.
659 3444 782 3540 ltaque
798 3443 963 3516 instantis
979 3463 1061 3534 par·
1113 3447 1200 3516 atico
1229 3448 1347 3517 seculo
1372 3449 1411 3516 in
1433 3443 1591 3518 Ecclesia
1615 3461 1905 3535 commoventur,
1943 3445 2014 3519 Sed
2036 3443 2107 3516 Dei

69 3550 201 3646 oxysmi
232 3549 450 3641 postridiana
481 3551 706 3622 metuebatur
722 3547 784 3642 ²³),
829 3561 872 3619 ut
894 3545 1062 3630 diximus,
1112 3549 1284 3620 beneficio
1306 3550 1469 3622 doctriua
1494 3563 1615 3622 nostra
1635 3551 1806 3644 explicata
1822 3565 1884 3622 est.
1935 3545 1984 3621 Et
1999 3550 2106 3641 paulo

70 3677 171 3746 quam
187 3665 310 3722 tamen
325 3665 360 3722 et
376 3651 487 3744 ipsam
503 3675 601 3722 mors
613 3666 653 3723 ut
665 3653 831 3723 audietur
844 3647 1059 3740 anticipavit.
1112 3665 1192 3744 post
1213 3677 1405 3724 conversus
1429 3655 1472 3723 ad
1497 3667 1650 3726 astantes
1671 3655 1844 3748 quosdam
1873 3653 1978 3739 alios,
2010 3649 2108 3722 Deus

69 3753 174 3826 Mane
190 3753 388 3844 igiturdiei
405 3755 597 3848 sequentis,
623 3777 713 3850 quae
730 3753 800 3824 suit
813 3752 947 3824 decima
965 3764 1061 3822 octa·
1112 3755 1248 3849 inquit,
1280 3755 1373 3825 vires
1396 3755 1567 3847 largiatur
1589 3758 1691 3826 vobis
1714 3756 1907 3826 iuvenibus
1931 3769 1968 3826 et
1990 3755 2109 3826 videte

68 3851 586 3950 raAprilisetCalend.Maii
612 3857 917 3950 decimaquarta,
941 3877 1062 3924 surre-
1111 3871 1153 3930 ut
1176 3871 1268 3928 recte
1290 3853 1346 3928 bis
1365 3859 1527 3929 utamini.
1579 3855 1716 3930 Eadem
1742 3861 1801 3929 die
1824 3873 1859 3931 et
1881 3883 1923 3928 ex
1941 3859 2121 3950 neptibus

68 3959 116 4032 xit
133 3953 228 4030 bora
250 3971 376 4053 quarta
399 3973 433 4029 et
447 3961 490 4028 ad
507 3959 675 4030 lectulum
694 3960 731 4028 in
748 3960 892 4029 musaeo
908 3957 1061 4029 alterum
1111 3959 1259 4042 filiolam
1282 3974 1369 4038 natu
1387 3961 1576 4031 maximam
1593 3963 1714 4052 generi
1728 3961 1877 4032 Peuceri
1893 3975 1976 4032 ante
1997 3963 2108 4029 lectu·

69 4063 253 4134 decubitus
269 4061 392 4132 diurni
407 4063 580 4134 deductus
597 4077 660 4148 est,
688 4061 836 4136 ibicum
852 4058 1061 4152 nequeaui-
1112 4064 1188 4134 lum
1209 4063 1456 4134 obversantem
1479 4063 1529 4134 sic
1554 4065 1757 4157 compellat,
1787 4079 1828 4135 ut
1852 4065 1915 4158 qui
1938 4087 2015 4132 eam
2039 4085 2106 4150 po-

68 4189 122 4236 mo
145 4165 286 4236 deiecto
307 4163 488 4234 videretur
503 4179 537 4236 et
553 4165 715 4235 sensibus
730 4177 890 4234 uteretur
905 4163 1060 4252 integer·
1111 4179 1281 4240 stremum
1298 4167 1483 4237 salutaret:
1509 4162 1587 4258 Ego
1602 4168 1710 4238 dilexi
1727 4181 1760 4238 te
1776 4167 1906 4260 inquit,
1932 4188 2008 4234 mea
2022 4163 2108 4248 lilia,

69 4267 185 4354 rimis,
213 4265 345 4336 virium
369 4277 489 4336 tamen
506 4267 731 4339 imbecillitas
747 4268 939 4336 admodum
955 4285 1061 4354 auge·
1111 4268 1193 4338 vide
1211 4283 1252 4340 ut
1266 4270 1360 4340 colas
1377 4285 1541 4362 parentes
1556 4283 1637 4342 tuos
1652 4281 1687 4341 et
1699 4269 1877 4358 morigera
1894 4267 2057 4336 eis'vivas
2072 4281 2107 4338 et

69 4373 195 4446 scebat.
227 4365 307 4440 Hac
321 4368 431 4460 igitur
446 4371 490 4440 de
506 4395 607 4442 causa
622 4371 773 4444 lectulus
786 4369 847 4438 ille
863 4369 903 4438 in
917 4391 1059 4438 musaeo
1110 4371 1236 4442 timeas
1249 4367 1387 4458 Deum,
1413 4372 1443 4442 is
1464 4387 1499 4443 te
1521 4397 1595 4444 nou
1614 4373 1762 4443 deseret.
1815 4367 1922 4440 Hunc
1936 4393 2000 4439 oro
2016 4382 2057 4439 ut
2072 4382 2106 4439 te

69 4473 245 4566 apariete
266 4474 505 4544 removendus
527 4485 599 4544 erat
623 4473 725 4544 etita
750 4471 994 4555 collocandus,
1018 4483 1061 4541 ut
1113 4485 1254 4544 tueatur
1281 4487 1316 4546 et
1341 4475 1529 4546 benedicat
1552 4474 1629 4546 tibi.
1697 4469 1860 4543 Caeteras
1884 4472 1989 4544 etiam
2018 4485 2106 4541 natu

69 4577 228 4670 utrisque
244 4598 264 4644 a
283 4575 445 4666 partibus
459 4599 616 4648 accessus
632 4577 677 4646 ad
694 4599 775 4646 eum
792 4587 937 4667 pateret,
964 4573 1059 4666 quod
1110 4575 1267 4646 minores
1292 4577 1505 4648 familiarius
1528 4575 1846 4669 complectebatur,
1872 4575 1965 4644 filiae
1987 4589 2106 4645 autem

68 4691 185 4749 tamen
207 4677 470 4750 incommodior
492 4678 553 4747 ille
580 4679 779 4761 videretur,
812 4697 957 4768 prorsus
983 4688 1058 4744 tum
1110 4679 1382 4751 commendabat
1410 4679 1599 4764 maritum,
1635 4677 1828 4772 omniaque
1859 4677 1908 4748 ita
1933 4677 2050 4748 dicere
2071 4689 2107 4747 et

69 4793 223 4852 remotus
246 4778 336 4864 fuit,
361 4793 396 4850 et
418 4781 701 4873 repositusalius
718 4782 906 4870 degenere
924 4801 1060 4858 eorum,
1109 4781 1247 4871 lacere,
1273 4793 1314 4853 ut
1335 4781 1397 4878 qui
1418 4777 1540 4853 exbac
1556 4782 1628 4853 vita
1645 4781 1879 4870 migraturum
1896 4803 1933 4850 se
1947 4779 2105 4855 sentiret.
2148 4855 2149 4858 Ἴ

70 4883 129 4976 qui
141 4881 288 4954 viatorii
302 4905 322 4952 a
336 4883 467 4953 nostris
482 4877 689 4954 hominibus
704 4882 941 4974 appellantur,
963 4880 1059 4975 quod
1110 4880 1351 4956 Mittebantor
1372 4886 1492 4954 eadem
1516 4883 1575 4954 die
1598 4884 1721 4954 literae
1737 4885 1779 4952 ad
1800 4878 2019 4954 loacbimum
2034 4879 2105 4952 Ca-

70 4983 106 5054 iu
129 4984 323 5058 itineribus
345 4983 470 5056 talium
486 5007 572 5055 usus
589 4986 646 5057 sit.
697 4981 740 5054 ln
758 4979 856 5056 hunc
870 5007 950 5056 carm
970 4993 1059 5052 esset
1110 4985 1301 5056 meracium
1317 4985 1486 5078 Lipsiam,
1512 4987 1644 5081 quibus
1655 4987 1877 5058 scribebatur
1892 4985 1945 5070 ei,
1970 4985 2002 5054 si
2015 4979 2105 5054 Phi-

71 5087 278 5170 oollocatus,
315 5080 375 5158 hic
394 5087 513 5182 inquit
535 5087 708 5158 viatorius
731 5087 881 5158 lectulus
902 5086 1059 5178 appella·
1110 5087 1247 5179 lippum
1263 5084 1533 5160 Melantlronem
1555 5091 1677 5160 vivum
1700 5088 1821 5157 videre
1841 5089 1965 5171 vellet,
1991 5099 2105 5156 utre-

70 5201 144 5274 tor,
169 5191 259 5286 quid
275 5189 304 5260 si
323 5189 359 5258 iu
375 5183 443 5260 boc
456 5190 619 5282 migrem.
670 5188 806 5262 Urinae
820 5203 902 5262 ante
918 5189 1060 5258 fueraut
1110 5191 1311 5262 versionem
1337 5193 1380 5262 ad
1406 5215 1471 5261 nos
1496 5193 1721 5272 acceleraret,
1748 5191 1811 5260 etsi
1827 5190 2033 5260 tabellarius
2049 5213 2104 5258 se-

70 5293 249 5378 tmbidae,
288 5303 328 5364 ut
350 5293 524 5380 diximus,
555 5303 590 5364 et
614 5291 702 5364 tales
726 5305 768 5364 ut
787 5291 857 5362 nisi
881 5315 901 5362 a
922 5289 1059 5362 calculo
1110 5291 1186 5362 rius
1209 5315 1368 5382 egressus
1393 5317 1500 5388 quam
1522 5295 1734 5384 promiserat
1756 5293 1876 5363 literas
1900 5293 1979 5362 illas
2000 5291 2102 5362 tertia

72 5443 294 5464 .......-.
1110 5394 1266 5486 primum
1300 5397 1360 5468 die
1390 5409 1471 5488 post
1499 5397 1675 5480 reddidit,
1709 5396 1772 5490 qui
1801 5409 1920 5467 tamen
1946 5393 2051 5463 etiam
2073 5392 2102 5460 si

100 5521 144 5594 tat
159 5521 205 5580 «t.
222 5525 260 5580 ta
285 5537 319 5578 eo
335 5522 526 5578 metuam.
1109 5495 1215 5568 fidem
1234 5499 1483 5592 praestitisset,
1514 5499 1575 5572 vix
1599 5497 1772 5596 potuisset
1797 5492 1998 5587 loacbimus
2021 5505 2104 5566 ante
