4638 6176
67 325 135 400 tat

69 496 133 570 Nee
153 511 272 571 tamen
296 495 389 574 boue
405 501 544 583 reddis,
569 499 639 570 r'risi
658 501 797 596 qui'tua
814 505 979 597 dogmata
995 503 1052 574 di-

8 705 10 720 “
114 699 270 774 Tantum
287 699 380 774 hanc
395 705 441 774 ad
457 638 567 775 ¹ritum
576 617 748 778 ⁸reili'll’eus
762 727 837 776 esse
852 705 959 782 viam

67 799 159 894 Ergo
173 820 299 898 preoor
315 805 430 877 studia
445 801 532 878 haee
546 796 585 878 tir
598 832 737 900 semper
751 808 866 900 dirige
879 805 1033 894 Christe,

112 905 270 978 Aeterno
282 903 387 981 Siloh
403 933 483 980 vera
499 933 654 1004 propago
668 907 796 984 Patris.
908 919 912 922 ’

60 1208 229 1335 Q
863 1242 913 1286 sn.
931 1217 1036 1302 1556„

831 1310 1045 1374 m

127 1411 242 1484 Legitur
269 1409 324 1466 boe
354 1427 465 1468 urmes
499 1409 528 1468 in
558 1411 744 1470 Melsntboois
773 1413 846 1486 apud
871 1409 1049 1468 Vireeutium

163 1500 190 1554 p.
202 1481 251 1534 est
265 1499 306 1550 sq.
328 1480 374 1535 ubi
391 1480 564 1537 inscribitur:
583 1481 629 1536 Dr
642 1492 752 1536 cometa
764 1481 876 1552 quisus't
889 1491 1051 1546 ronsprrtns

162 1561 240 1602 anno
253 1549 329 1606 1556.
365 1549 439 1602 idem
452 1550 566 1603 babetur
575 1549 603 1603 in
616 1549 729 1621 Scrlptis
742 1551 860 1623 publicis
870 1552 954 1608 snt.
963 1549 1050 1606 Wit-

164 1620 220 1676 teb.
233 1622 267 1677 ad
281 1637 346 1674 suo.
360 1619 456 1685 1556„
474 1620 520 1674 ubi
534 1619 700 1674 colloretum
713 1631 753 1674 est
765 1623 835 1675 inter
850 1621 904 1676 duo
915 1619 967 1674 stis
980 1620 1050 1674 scri-

163 1699 209 1760 pts
227 1687 399 1757 academice,
430 1707 549 1760 quorum
567 1684 682 1745 alterum
703 1687 729 1743 d.
749 1693 774 1743 2.
788 1689 862 1752 lolii,
886 1691 1003 1742 alterum
1023 1691 1050 1743 d.

142 1819 148 1826 ,
163 1755 260 1814 stolii
274 1759 365 1811 datum
381 1768 430 1812 est.
468 1757 555 1826 lgitur
566 1757 608 1811 rel
622 1757 698 1811 &vel
712 1758 737 1812 4.
747 1757 805 1812 lolii
820 1758 928 1824 publice
940 1755 1049 1812 sffirum

163 1835 213 1886 est,
232 1826 354 1892 ,Prosilit
368 1827 498 1885 nimitum
516 1835 544 1880 ut
558 1827 677 1882 edictum
689 1828 793 1882 Dccsni
807 1827 910 1881 ordinis
924 1826 1049 1897 philoso-

161 1895 252 1968 pbiei,
277 1896 389 1961 Lareni,
408 1905 433 1947 et
447 1897 564 1966 primurn
579 1895 681 1949 editum
696 1906 735 1950 est
753 1896 781 1948 io
794 1897 902 1950 libello:
929 1894 1050 1966 „Oratio

162 1967 197 2020 de
215 1965 374 2019 discrimine
393 1965 483 2034 legum
498 1963 669 2035 politicarum
683 1975 709 2019 et
724 1963 916 2032 traditionum,
940 1981 1010 2086 ¹qum
1021 1964 1050 2020 in

163 2033 286 2090 Ecclesia
312 2033 346 2088 sb
370 2031 527 2087 bominibus
551 2036 718 2093 conduntur.
765 2033 919 2088 lleeitstss
966 2051 1052 2088 eosne

165 2102 285 2174 collegii
325 2101 519 2172 Philiosopbici
555 2102 690 2173 Magistro
721 2103 905 2156 Bartotemeo
927 2106 1052 2171 bosono,

130 2247 137 2264 ,
163 2173 280 2316 {thng
292 2170 500 2298 iqtzrimtrtqb.
515 2170 673 2228 low-82⁹
695 2204 732 2218 -
772 2173 829 2228 Hic
846 2179 874 2227 st
890 2169 922 2243 ¹iu
938 2169 1052 2244 Scriptis

62 2381 247 2457 Decorus
269 2385 417 2480 Collegit
440 2379 697 2476 Philosophirt
714 2387 756 2456 irs
778 2381 895 2457 Aood.
921 2387 1053 2460 wiste-

70 2487 258 2586 berpeuss',
291 2489 627 2560 Bortotemetss
650 2490 828 2598 Lusor,
861 2491 1039 2586 Gypneus.

62 2619 232 2695 Ostendit
248 2621 352 2694 terris
368 2636 401 2694 et
417 2622 456 2691 in
473 2627 553 2692 aifre
567 2619 678 2691 multa
697 2643 821 2692 sereno

113 2724 218 2797 Irrita
235 2747 460 2821 nequaquam
476 2724 573 2814 sigua
592 2724 709 2795 futura
726 2721 834 2809 Deus,

60 2829 242 2924 Signaque
258 2843 511 2921 naturaequse
527 2849 602 2896 non
617 2825 791 2898 imitantia
806 2827 901 2918 le'ges

112 2930 507 3002 l’ortenduotsubitum
524 2952 600 2998 non
613 2929 739 3019 procul
754 2951 827 3000 esse
841 2931 987 3005 malum.

62 3031 228 3104 Vidimus
242 3029 311 3104 boo
326 3057 420 3104 anun
436 3031 602 3122 rapidum
618 3030 766 3118 flagrare
782 3051 954 3124 cometen,

111 3137 318 3208 Sulcantem
337 3135 464 3206 dubias
478 3132 589 3202 multa
606 3155 668 3223 per
680 3145 773 3202 astra
790 3134 877 3206 vias.

62 3237 242 3334 Quodque
255 3238 325 3308 fuit
339 3237 469 3308 mirum
485 3234 603 3305 vicino
618 3233 693 3304 sole
708 3249 874 3322 cometae,

110 3339 204 3413 Cum
219 3339 355 3410 soleant
371 3337 503 3429 primas
517 3336 707 3426 arripuisse
721 3335 826 3408 faces:

60 3443 144 3515 Non
161 3444 261 3536 prius
274 3462 437 3512 accensos
453 3434 511 3510 hic
524 3439 638 3530 coepit
653 3461 815 3530 spargere
829 3440 956 3524 crines,

113 3543 304 3618 Astrorum
321 3565 428 3637 quam
443 3544 515 3612 dux
531 3565 550 3612 e
565 3541 709 3630 regione
723 3541 830 3618 stetit.

60 3647 249 3746 Aequabet
264 3660 361 3717 motu
374 3639 540 3718 Phoebus
551 3657 764 3736 noctemque
777 3645 944 3740 diemque

116 3751 265 3845 Udaque
282 3748 449 3841 purpurei
468 3761 625 3838 tempora
644 3747 737 3814 veris
753 3761 869 3818 eraut:

58 3853 207 3926 Halitus
223 3877 241 3922 e
257 3851 357 3920 mulli
372 3849 532 3920 sublatus
547 3851 592 3918 ad
608 3841 748 3920 aetltera
766 3861 869 3934 tetra,

114 3955 206 4030 Cum
223 3953 349 4026 rutilae
366 3951 544 4043 specimen
558 3950 675 4041 coepit
688 3944 819 4020 habere
833 3975 964 4026 comae.

57 4058 245 4142 Primum,
272 4081 340 4149 qua
356 4053 445 4125 coeli
461 4044 716 4149 mporpqyfscqe
734 4067 831 4143 parte
848 4055 1008 4146 refulget,

114 4160 255 4234 Semina
273 4159 494 4228 flammarum
512 4153 760 4244 conspicienda
777 4157 886 4230 dedit.

53 4265 181 4336 Altius
197 4260 329 4330 arcturi
346 4283 424 4328 ntor
440 4259 483 4328 ad
500 4256 636 4344 fastigia
654 4256 780 4345 pergit,

115 4367 190 4437 Sub
207 4363 332 4452 rapido
350 4360 566 4430 nullasdum
586 4360 667 4428 facit
681 4383 744 4447 arte
761 4381 888 4441 moras,

50 4469 223 4560 Denique
236 4467 326 4534 sicca
342 4485 446 4551 super
460 4459 664 4554 Cynosurae
679 4460 793 4528 sidera
808 4475 938 4544 vectus,

111 4569 276 4660 Occupat
290 4563 441 4636 Arctoae
458 4564 556 4651 signa
572 4585 734 4651 suprema
759 4562 890 4651 plagae.

54 4673 151 4745 lude
165 4673 314 4762 gradum
334 4666 546 4746 rettulerit,
570 4677 602 4732 et
620 4687 709 4756 quae
727 4677 848 4732 noster
863 4661 1010 4735 horizon

112 4775 218 4846 Astra
237 4771 331 4862 capit
347 4791 449 4836 ctrrsu
470 4765 683 4856 proximiore
702 4765 797 4854 legit.

52 4875 112 4950 Ac
128 4874 236 4946 simul
252 4894 416 4942 auroram
436 4871 540 4960 petit,
564 4863 754 4960 Eoumque
769 4867 899 4950 cubile,

109 4976 281 5050 Phoebus
297 4967 504 5042 anhelantes
520 4971 616 5037 sande
631 4969 767 5039 reducit
783 4991 903 5062 equos.

48 5080 124 5153 llic
141 5080 240 5152 subit
255 5073 413 5156 Iasiden,
439 5087 474 5144 et
487 5095 575 5166 quae
592 5085 625 5142 te
641 5083 738 5160 trans
755 5071 841 5142 vada
860 5076 963 5166 ponti

108 5183 261 5257 Air'rium
278 5177 407 5248 Persea
424 5171 456 5268 ¹)
472 5197 613 5264 carpere
630 5170 709 5242 fecit
727 5173 806 5246 iter.

46 5285 219 5358 Candida
236 5279 409 5369 cornigeri
425 5273 590 5346 Phoebus
606 5287 676 5343 tam
694 5273 818 5342 limina
837 5272 942 5362 tauri,

106 5388 185 5462 Nec
202 5387 309 5456 modo
325 5377 506 5476 Phryxeae
523 5375 636 5446 vellus
653 5370 759 5448 ltabet
773 5375 869 5446 ovis:

41 5517 58 5526 -
89 5559 117 5628 t)
137 5508 658 5621 admoneresequentem.
765 5579 769 5587 .

759 325 1086 406 CARMINDM
1132 327 1239 406 mn.
1263 329 1340 408 111.
1388 347 1396 395 ἲ

1101 501 1272 576 Protinus
1287 505 1385 577 illius
1400 505 1549 600 vestigia,
1559 507 1641 580 trita
1657 523 1810 580 cometes

1151 604 1309 700 Arripit,
1335 623 1368 680 et
1384 607 1462 680 Soli
1477 609 1592 682 sidero
1609 625 1735 684 cuncta
1750 623 1859 686 tenet.

1101 707 1180 781 Hoc
1195 709 1264 780 iter
1282 711 1433 782 errantis
1447 711 1553 784 multi
1567 713 1689 784 videre
1706 725 1873 798 cometae,

1144 809 1224 910 'Qui
1238 813 1310 882 fera
1326 810 1535 884 Teutonicis
1550 817 1680 884 damna
1697 814 1855 886 minatur
1868 814 1973 904 agris.

1100 909 1193 984 Sunt
1208 913 1293 982 anni
1309 913 1424 984 decies
1438 927 1536 999 octo,
1561 939 1634 1009 quo
1651 929 1809 1006 tempore
1824 915 1915 985 visit
2014 973 2018 981 .

1150 1011 1231 1085 Dux
1246 1017 1307 1109 qui
1322 1013 1536 1108 Burgundas
1549 1015 1700 1088 Carolus
1713 1019 1812 1088 auxit
1826 1039 1927 1108 opes:

1099 1113 1206 1188 Tunc
1220 1117 1259 1188 in
1274 1142 1438 1209 suprema
1451 1119 1577 1190 similis
1590 1121 1736 1210 regione
1748 1117 1912 1192 Cometes

1149 1215 1255 1292 Aeris
1271 1214 1437 1290 horrifico
1454 1221 1595 1292 miscuit
1609 1221 1691 1314 igue
1706 1245 1854 1293 comam.

1100 1318 1134 1390 Is
1150 1333 1248 1391 motu
1266 1321 1375 1392 sir'nili
1392 1346 1466 1392 sese
1484 1347 1546 1416 per
1563 1323 1670 1394 inane
1686 1323 1864 1408 volutaus,
1885 1315 1889 1324 ’

1149 1421 1361 1493 Permensus
1375 1424 1465 1494 coeli
1481 1419 1621 1498 climata
1637 1425 1748 1498 multa
1761 1423 1843 1500 fuit·

1099 1520 1266 1598 Astraeae
1282 1525 1438 1617 primum
1454 1527 1568 1598 tenuit
1583 1527 1735 1598 confinia
1754 1525 1885 1598 Librae

1150 1623 1274 1698 Arctoi
1291 1627 1394 1720 petiit
1408 1629 1565 1698 culmina
1583 1629 1713 1719 deinde
1727 1629 1814 1722 poli.

1099 1729 1168 1804 Sed
1186 1751 1346 1798 remeans
1363 1729 1462 1800 illinc
1480 1729 1635 1802 medium
1652 1756 1721 1824 qua
1739 1729 1891 1802 circulus
1905 1729 2028 1800 orbem

1150 1827 1291 1902 Dividit
1307 1833 1512 1920 astrigeram
1529 1827 1664 1902 lumine
1680 1833 1764 1903 texit
1780 1857 1895 1906 ovem.

1098 1931 1206 2006 Nulla
1221 1933 1419 2030 aetasuvidit
1435 1935 1640 2024 flagrantem
1657 1935 1803 2030 impune
1817 1932 2003 2017 Cometen,
2041 1946 2047 1958 ·
2079 1949 2087 1958 ·

1147 2033 1232 2106 Non
1249 2036 1326 2104 leve
1344 2049 1531 2107 venturum
1551 2037 1697 2117 umteiat
1714 2036 1774 2106 ille
1793 2037 1937 2112 malum.

1100 2135 1222 2208 Tunc·
1242 2160 1385 2234 quoque
1416 2127 1540 2208 crebra
1569 2138 1653 2210 tulit
1685 2136 1831 2210 summis
1863 2135 2092 2209 incommoda

1152 2267 1155 2276 ·
1614 2243 1769 2333 reguis,·
1861 2283 1866 2293 ·

1151 2339 1433 2428 Civilesmotns,
1456 2343 1745 2436 puhlisadamna
1762 2343 1860 2421 tulitr
1911 2425 1915 2430 ,

1101 2441 1245 2536 Quippe
1261 2457 1441 2518 secuturas
1458 2461 1589 2538 strages
1605 2447 1790 2542 tristesque
1805 2445 1940 2530 ruinas,

1151 2539 1270 2638 Atque
1287 2561 1366 2616 tuae
1385 2540 1526 2632 retitlit,
1551 2545 1822 2638 Carole,·signa
1839 2547 1947 2618 necis.

1099 2645 1264 2718 Proxima
1280 2647 1336 2716 rix
1352 2672 1391 2716 ea
1408 2661 1487 2740 post
1502 2647 1665 2720 incendia
1682 2663 1825 2718 venerat
1841 2661 1964 2732 aestas,
2010 2725 2014 2736 ¹
2041 2643 2047 2656 ’

1150 2745 1300 2820 Carolus
1316 2745 1500 2821 Helvetico
1517 2759 1636 2821 caesus
1653 2751 1698 2821 ab
1716 2745 1817 2820 hoste
1834 2749 1938 2824 cadit.

1101 2848 1158 2920 Tu
1176 2875 1318 2946 quoque
1337 2847 1536 2944 Tisiphone
1550 2853 1697 2934 mundi,
1724 2863 1763 2922 tu
1777 2851 1876 2923 dirus
1891 2840 2041 2932 alastor,¹

1152 2951 1270 3023 'l'estis
1284 2968 1317 3024 et
1333 2953 1496 3024 immensi
1514 2955 1592 3042 fax,
1618 2949 1843 3040 Mahomete,
1868 2953 1963 3038 mali,

1100 3053 1212 3125 Paulo
1229 3067 1306 3146 post
1321 3056 1460 3148 fugiens
1476 3057 1632 3130 cecidisti
1646 3053 1837 3152 Hydrunte
1852 3055 1988 3127 relictas
2061 3135 2065 3142 ¹

1152 3155 1313 3228 Tandem
1330 3151 1553 3253 blasphemos
1568 3159 1738 3252 opprimit
1754 3161 1806 3230 ira
1821 3155 1901 3233 Dei.

1100 3257 1204 3330 Nunc
1235 3284 1376 3358 quoque
1403 3257 1628 3354 blasphemos
1658 3255 1853 3358 tangeut')
1884 3256 2091 3354 Tuscosque

1616 3361 1820 3458 Papamque

1152 3459 1404 3557 Adproperaus
1420 3463 1580 3537 Nemesis
1596 3463 1838 3562 indiciumque
1853 3461 1931 3540 Dei.
2006 3472 2009 3480 ’

1102 3563 1274 3658 Dogmata
1290 3569 1469 3656 turbabit,
1496 3569 1623 3662 passim
1639 3567 1853 3638 sterilescere
1868 3585 2009 3658 campos
2047 3565 2051 3570 ’

1152 3667 1279 3759 Coget,
1306 3683 1341 3742 et
1356 3671 1505 3743 adducet
1521 3681 1679 3762 tempora
1697 3673 1785 3740 dura
1802 3667 1903 3739 famis
1916 3663 1964 3764 ⁹).

1103 3767 1171 3842 Sed
1188 3796 1399 3864 quaeramus
1416 3797 1518 3866 opem
1536 3773 1728 3856 divinitus,
1753 3785 1858 3866 atque
1873 3793 2060 3866 precemur

1156 3869 1312 3943 Aeterno
1329 3891 1473 3964 gnatum
1488 3876 1534 3944 'de
1552 3875 1711 3964 genitore
1728 3867 1852 3974 λόγον.

1102 3971 1217 4044 Filius
1233 3976 1367 4044 aeterni
1383 3968 1508 4074 λόγος,
1535 3977 1736 4070 effigiesque
1751 3975 1916 4068 parentis,

1155 4072 1331 4147 Assiduus
1345 4093 1460 4148 custos
1477 4078 1627 4168 agminis
1641 4079 1716 4171 ipse
1729 4078 1796 4162 sui,

1101 4173 1278 4250 Defendet
1294 4193 1433 4250 sanctos
1448 4179 1543 4250 inter
1558 4181 1648 4250 mala
1665 4180 1817 4270 plurima
1834 4177 1972 4268 muudi,

1027 4335 1029 4342 a
1154 4279 1227 4366 Qui
1246 4281 1365 4350 mitem
1382 4296 1456 4352 toto
1469 4283 1575 4352 corde
1589 4295 1779 4374 precantur
1792 4303 1907 4371 opem.

1101 4377 1195 4452 Cura
1211 4381 1259 4450 sit
1270 4382 1403 4450 interea
1424 4385 1531 4452 vitam
1549 4383 1696 4452 coluisse
1712 4383 1906 4452 modestam

1154 4475 1338 4554 Omnibus
1355 4499 1386 4552 et
1406 4485 1504 4556 verbi
1523 4485 1656 4554 discere
1674 4483 1750 4552 iura
1765 4482 1864 4552 sacri.

1103 4581 1198 4654 Dent
1211 4585 1315 4654 etism
1331 4587 1437 4655 solito
1453 4587 1557 4654 nobis
1573 4609 1635 4654 sua
1652 4585 1800 4654 nomine
1815 4609 1929 4672 mors,

1153 4683 1347 4758 Censuram
1363 4687 1472 4758 studii
1487 4687 1547 4780 qui
1564 4685 1714 4756 subiisse
1730 4688 1867 4760 volunt.

1102 4785 1183 4858 Nou
1200 4789 1302 4858 labor
1317 4783 1372 4858 his
1388 4789 1498 4858 deerit
1514 4801 1653 4874 noster,
1678 4813 1742 4859 nec
1758 4789 1870 4858 amica
1885 4785 2064 4876 voluntas,

1153 4887 1301 4984 Semper
1316 4903 1350 4961 et
1366 4891 1517 4980 ingeniis
1535 4889 1690 4962 officiosa
1709 4891 1814 4962 bouis
1829 4885 1872 4986 ⁴).

1102 5025 1321 5042 *u—

1135 5085 1164 5148 2)
1183 5085 1317 5156 tongent]
1334 5083 1435 5141 srcbet.
1452 5096 1547 5154 anger.

1134 5170 1164 5238 Β)
1190 5170 1244 5224 Pro
1260 5173 1408 5238 Dogmata
1434 5175 1559 5226 turbabit
1577 5200 1612 5216 -
1634 5198 1665 5213 ·-·
1689 5175 1766 5226 dura
1782 5169 1878 5244 fitmt's
1901 5171 2041 5246 stellein).
2067 5185 2095 5230 el

1170 5239 1231 5296 Ser.
1254 5241 1329 5312 publ.
1348 5241 1463 5298 bsbeots

1239 5325 1271 5377 Et
1285 5333 1388 5394 segetes
1402 5325 1500 5396 passim
1512 5324 1594 5380 siccis
1608 5325 1763 5380 morientur
1777 5327 1805 5380 ln
1817 5323 1922 5395 herbis,

1273 5394 1306 5446 Et
1319 5395 1383 5448 fient
1398 5393 1490 5448 multis
1502 5393 1577 5449 aride
1592 5395 1718 5448 membra
1729 5387 1812 5450 fame.

1119 5500 1122 5508 ·
1135 5476 1165 5545 *l
1181 5477 1288 5534 Versus
1301 5487 1452 5552 postremos
1464 5462 1529 5534 luds
1542 5495 1571 5533 ss
1593 5481 1674 5538 Dent
1686 5481 1775 5534 ctiam
1786 5481 1872 5536 solito
1883 5489 1952 5551 ete,
1970 5477 2094 5541 Visos„

1173 5549 1226 5606 tius
1239 5565 1297 5604 nost
1311 5549 1396 5604 dedit·
