4652 6178
248 233 326 316 rra
839 221 1264 320 Qnausrrorvns
1296 221 1703 302 1333333333.
1788 167 1804 194 ’
2171 237 2229 314 aa

255 406 410 504 1111111101
437 405 484 476 111
509 403 599 476 111110
635 399 767 474 1111111111
793 399 900 484 111111,
932 422 1039 494 quam
1068 395 1244 471 Mosaici?
1295 403 1383 487 cris,
1411 399 1693 472 ceremoniarum
1715 397 2004 480 tractationibus,
2028 413 2059 470 et
2071 403 2230 480 331333133

258 511 419 586 lulianus
442 504 551 580 babet
575 518 710 576 certum
734 503 831 575 initii
848 502 943 574 diem
963 503 1002 570 in
1017 497 1245 586 calendario.
1295 505 1526 578 celebrationi
1540 502 1727 582 festorum,
1745 517 1822 574 tum
1831 502 1949 592 operis
1957 502 2139 576 domesticis
2152 512 2233 599 aprit-

256 613 437 688 Mosaicus
467 623 602 682 certum
629 606 725 677 initii
745 606 840 676 diem
864 628 939 676 non
966 591 1148 692 babebat,
1180 603 1244 674 sed
1295 609 1384 680 sime
1410 620 1655 698 congruentes.
1707 603 1759 676 Ea
1787 605 1825 674 in
1849 628 1889 674 re
1915 603 2076 694 sapientia
2096 615 2233 700 expenda-

255 717 472 796 variabatur,
485 727 527 785 ut
541 709 771 782 novilunium
784 707 986 800 proximum
1001 707 1243 802 aequinoctio.
1297 727 1357 784 tur·
1372 709 1522 784 'autoris

259 819 489 910 Verebantur
510 828 544 886 er
565 835 723 897 menses,
754 811 827 897 ira,
858 824 899 882 ut
922 833 963 879 ex
988 808 1131 882 aestivis
1154 832 1245 902 pene
1400 812 1449 888 Ut
1470 812 1590 885 Solem
1604 809 1704 884 Deus
1718 811 1884 881 conditor
1900 809 2011 880 annui
2031 807 2233 900 spaeiigraic

158 939 162 944 '
256 917 413 1019 hyberni
440 919 576 990 fierent.
640 913 827 987 Caeterum
852 910 1033 984 Mosaicus
1057 913 1179 983 oculos
1205 911 1246 980 iu
1297 916 1405 988 simas
1423 915 1536 1000 vices,
1560 939 1648 1009 quat
1667 909 1768 1010 ὥρας
1778 911 1909 984 Graeci
1924 924 2069 995 vocant,
2090 911 2201 984 efficere
2211 941 2237 986 tt

256 1026 395 1098 eoelum
429 1021 609 1114 rapiebat,
648 1019 795 1090 1111111111
825 1015 993 1088 attentius
1027 1015 1136 1108 aspici
1169 1039 1245 1085 333
1298 1035 1516 1112 temperare,
1542 1031 1577 1088 et
1592 1018 1722 1088 diurna
1737 1031 1982 1108 nocturnaque
2004 1014 2126 1084 variare
2143 1019 2236 1108 spacia,

255 1129 364 1198 modo
380 1124 539 1209 Lunam,
561 1122 622 1194 sed
640 1123 744 1192 etiam
762 1118 978 1214 aequinoctii
992 1131 1151 1210 tempus,
1175 1141 1246 1210 qus
1299 1121 1515 1194 collustratis
1542 1133 1579 1192 et
1600 1121 1785 1212 completis
1809 1121 1887 1190 lucc
1908 1141 1971 1188 rua
1998 1129 2102 1186 terrae
2115 1118 2237 1208 partibus

258 1230 298 1300 111
322 1253 361 1300 te
382 1226 562 1298 11ιὶ1111111
585 1223 729 1296 10111111
750 1237 911 1294 veterum
933 1220 973 1290 in
998 1219 1246 1292 observatione
1299 1225 1368 1295 sibi
1385 1223 1563 1309 obversis,
1589 1223 1738 1316 reliquis
1755 1247 1774 1292 a
1791 1244 1866 1292 sese
1880 1219 2011 1290 aversis
2025 1221 2178 1311 opacatis:
2197 1221 2237 1290 Sic

257 1334 467 1404 111111111111111
493 1343 528 1400 el
548 1326 655 1408 1111181
677 1349 784 1419 quam
806 1323 1028 1413 diligentiam
1048 1323 1180 1393 minuit
1207 1322 1246 1392 in
1300 1331 1343 1398 de
1366 1326 1461 1400 Solis
1484 1350 1590 1397 cursu
1613 1338 1718 1418 atque
1744 1325 1959 1394 circumactu
1983 1336 2088 1392 metas
2102 1345 2237 1392 annorum

257 1433 394 1528 populo
415 1455 531 1502 11111111
557 1429 730 1500 lulianus·
783 1426 854 1498 Sed
878 1441 912 1497 le
936 1449 1022 1516 ¹⁰80
1044 1425 1247 1504 doctissime
1300 1430 1467 1500 constitui
1495 1444 1528 1500 et
1553 1427 1713 1508 deliniri,
1739 1451 1849 1520 eaque
1869 1425 2073 1510 intervalla,
2093 1448 2170 1518 quae
2184 1425 2238 1516 qui-

258 1547 486 1630 praeceptor,
511 1547 551 1606 ut
567 1528 653 1603 hace
669 1529 848 1624 copiosius
861 1529 1026 1622 explices.
1300 1534 1422 1603 busvis
1445 1533 1584 1601 duabus
1603 1529 1775 1621 proximis
1797 1527 1892 1600 Solis
1915 1531 1960 1598 ad
1984 1528 2077 1596 idem
2110 1540 2237 1618 punctura

743 1671 746 1678 ¹
1302 1634 1519 1729 aequinoctii
1559 1633 1662 1702 verni
1695 1631 1986 1703 restitutionibus
2020 1629 2240 1709 intercederent,

1301 1736 1480 1827 designari
1503 1735 1758 1829 observarique
1782 1747 1921 1804 tantum
1946 1755 2049 1802 veros
2072 1730 2147 1801 iusti
2163 1730 2238 1820 spacii

1301 1840 1414 1911 annui
1435 1839 1567 1910 limites
1589 1839 1716 1912 voluit.
1775 1834 1843 1906 His
1868 1834 2084 1917 intervallis,
2119 1847 2154 1904 ut
2170 1855 2239 1926 quar,

1302 1965 1506 2038 quanquam
1521 1953 1762 2025 mutarentur,
1776 1963 1961 2034 nunquam
1978 1937 2136 2007 fallerent
2149 1949 2239 2012 tanea,

360 2042 428 2117 Est
456 2043 605 2114 omnino
627 2041 813 2132 diligentia
837 2039 992 2112 eruditio
1019 2034 1165 2110 homine
1191 2039 1249 2108 di·
1302 2070 1367 2116 nec
1392 2059 1506 2116 tractu
1529 2065 1785 2135 progressuque
1807 2041 1978 2134 temporis
2004 2061 2151 2109 errorem
2173 2059 2239 2127 pare

260 2173 347 2242 gna,
368 2147 551 2240 antiquas,
577 2145 741 2237 interque
759 2166 833 2213 sese
849 2143 1107 2232 discrepantes,
1132 2155 1167 2211 et
1181 2163 1249 2211 usu
1301 2163 1382 2219 rent
1397 2148 1569 2240 aliquem,
1596 2145 1936 2230 331333133133313,
1963 2143 2089 2214 seriem
2107 2161 2235 2210 333333

260 2251 347 2323 anni
370 2247 501 2320 luliani
523 2249 746 2331 obscuratas,
778 2244 865 2314 anni
897 2244 1054 2314 rationes
1086 2243 1250 2334 conside·
1304 2249 1447 2344 proprie
1463 2243 1752 2320 discrevitDeus‚

261 2377 358 2438 rare,
385 2374 472 2446 quas
486 2349 575 2420 aliae
595 2361 715 2438 gentes
737 2347 843 2432 alias,
869 2359 1056 2440 postquam
1077 2371 1097 2416 a
1123 2345 1250 2438 primis
1406 2349 1547 2424 Rursus
1568 2375 1651 2420 tum
1673 2348 1751 2422 Soti
1774 2345 1913 2418 Lunam
1939 2345 2116 2436 alligasset
2137 2369 2169 2414 ta
2184 2342 2240 2429 lege,

260 2468 465 2530 sanctorum
484 2451 630 2522 Patrum
656 2449 813 2540 vestigiis
840 2447 1088 2536 discesserant,
1112 2447 1249 2519 abiecta
1302 2467 1342 2524 ut
1358 2477 1397 2524 ea
1414 2453 1499 2524 solis
1514 2453 1704 2546 splendore
1727 2465 1762 2522 et
1777 2450 1913 2520 lumine
1932 2474 1998 2520 ceu
2017 2462 2175 2526 recreata,
2195 2457 2239 2512 tots

261 2557 445 2630 doctrinae
467 2553 641 2624 divinitus
664 2553 816 2623 traditae
840 2551 1081 2644 professione,
1110 2550 1251 2642 excogi-
1302 2555 1479 2643 Zodiaco,
1507 2569 1692 2626 menstruo
1717 2552 1854 2647 spacio,
1884 2551 1986 2622 obito
2020 2577 2060 2622 ac
2095 2558 2243 2644 peragrato.

260 2673 385 2734 tarunt
398 2672 502 2752 atque
520 2669 765 2748 usurparunt,
790 2655 847 2723 vel
862 2655 959 2748 quod
979 2653 1083 2724 novis
1097 2653 1250 2726 delecta·
1301 2653 1421 2732 hausti
1453 2657 1601 2730 luminis
1622 2681 1766 2728 usuram
1788 2657 1892 2726 terris
1915 2656 2098 2738 redderet,
2127 2645 2242 2741 repetitis

261 2776 387 2836 rentur
403 2775 508 2855 atque
524 2757 719 2849 ingeniosis
735 2757 908 2842 inventis,
932 2757 971 2825 in
987 2780 1027 2827 ea
1043 2756 1250 2848 praesertim
1302 2761 1427 2832 iisdem
1451 2763 1573 2832 eadem
1600 2761 1675 2850 lege
1696 2759 1835 2828 vicibus
1863 2757 2055 2828 continuo:
2095 2758 2136 2826 de
2157 2750 2243 2824 Lunae

261 2879 410 2938 1111111111
428 2876 544 2956 Parte·
571 2861 819 2956 11111110ῡεί31
836 2883 856 2929 a
879 2871 1071 2951 conspectu
1098 2859 1250 2951 seposita
1302 2888 1408 2934 cursu
1423 2887 1543 2934 annua
1558 2862 1743 2934 intervalla
1766 2861 1804 2933 13
1828 2875 1942 2932 333133
1959 2861 2060 2931 velut
2079 2859 2151 2928 lissa
2165 2855 2244 2940 dign

261 2981 385 3040 nostro
409 2979 514 3059 atque
530 2964 682 3050 seclusa,
706 2963 827 3032 miuus
850 2961 1000 3053 perspici
1023 2985 1043 3032 a
1060 2961 1188 3054 quovis
1217 2972 1252 3030 et
1302 2967 1348 3037 sit
1362 2967 1548 3048 articulos,
1563 2966 1656 3038 vitae
1665 2978 1699 3036 et
1715 2962 1917 3035 actionibus
1931 2963 2062 3056 populi
2075 2957 2245 3032 convenien-

262 3067 494 3165 pervestigari
512 3079 638 3160 potest.
677 3063 746 3136 Vel
763 3063 976 3158 potiuscum
992 3063 1160 3154 religioni
1177 3062 1251 3155 pri·
1302 3082 1365 3142 res,
1421 3067 1585 3163 Cumque
1609 3067 1888 3161 septimanarum
1910 3065 2118 3140 distributio
2139 3052 2245 3154 pulchre

262 3195 341 3244 mac
356 3186 391 3242 et
405 3169 673 3263 antiquissimae
689 3166 895 3260 impellente
918 3166 1082 3252 diabolo,
1108 3180 1251 3237 contra·
1302 3175 1345 3243 ad
1364 3169 1489 3242 Lunae
1510 3164 1642 3268 φάσεις
1663 3171 1874 3264 quadraret,
1900 3193 1993 3262 quae
2019 3159 2246 3260 primisacoitt

262 3275 317 3346 ria
341 3273 463 3345 omnia
486 3283 698 3356 statuerent,
733 3283 773 3342 ut
797 3269 885 3340 anni
909 3293 1051 3362 quoque
1073 3269 1249 3340 rationem
1303 3275 1430 3346 diebus
1463 3257 1631 3344 curvata}
1662 3274 1702 3342 in
1727 3295 1882 3352 cornua,
1916 3273 2073 3362 septimo
2098 3262 2246 3338 dimidius

263 3377 435 3448 variatam
453 3373 627 3444 institutis
653 3371 727 3442 suis
743 3373 1069 3457 accommodarent,
1093 3370 1248 3465 nequid
1303 3377 1438 3471 profert
1461 3377 1601 3462 orbem¹
1628 3375 1895 3468 decimoquarto
1917 3373 1977 3444 vel
1997 3367 2153 3453 cit-citer,
2175 3367 2248 3458 pleno

264 3477 417 3550 mutuati
440 3476 607 3568 apopulo
629 3471 717 3562 Dei,
742 3487 777 3546 et
800 3473 988 3545 retinuisse
1009 3499 1052 3544 ex
1077 3474 1250 3565 praescri·
1303 3481 1389 3550 orbe
1412 3457 1572 3569 effulge‘t2
1604 3501 1677 3548 non
1699 3477 1816 3570 ipsum
1842 3477 2067 3571 aequinoctii
2093 3474 2194 3552 diem,
2211 3461 2250 3534 sd

262 3595 325 3674 pto
339 3577 408 3651 Dei
421 3591 456 3649 et
471 3577 737 3669 dispensatione
752 3576 969 3648 viderentur.
1024 3573 1097 3648 Nec
1121 3600 1249 3668 parum
1303 3583 1394 3652 illud
1409 3583 1506 3675 quod
1523 3581 1681 3672 proxime
1706 3581 1908 3652 succederet
1930 3571 2166 3651 interlunium
2186 3589 2252 3640 3333

263 3680 351 3754 hacc
376 3682 450 3774 ipsa
476 3680 736 3750 animadversio
762 3678 975 3772 collatisque
1009 3693 1043 3752 et
1074 3679 1251 3766 discretio,
1302 3684 1521 3777 principium
1556 3683 1725 3775 praebere
1758 3683 1888 3768 voluit,
1919 3695 1961 3753 ut
1997 3683 2062 3752 1113
2098 3671 2254 3749 variatione

262 3785 353 3859 lucis
370 3783 481 3854 adfert
495 3782 675 3864 annotatis
692 3777 935 3852 historiarum.
1302 3797 1483 3857 menstrua
1506 3785 1721 3876 effigienrm,
1752 3782 1857 3856 Luna
1889 3786 2168 3878 septimanarum
2187 3773 2255 3842 velut

363 3885 484 3957 Prima
500 3884 587 3955 citra
603 3884 880 3956 controversiam
896 3896 931 3954 et
947 3883 1181 3954 vetustissima
1199 3897 1251 3956 est
1304 3889 1473 3960 articulos
1489 3887 1712 3979 intersepiret
1729 3901 1762 3958 et
1779 3887 1993 3979 designaret.

263 3989 350 4062 anni
379 3987 587 4078 descriptio,
618 3987 825 4080 notatioque
860 4009 967 4079 quam
995 3987 1129 4078 populo
1154 3985 1251 4058 Deus
1406 3988 1654 4064 Veruntamen
1670 4014 1716 4060 ne
1736 3985 1804 4060 hoc
1820 3990 1936 4081 ipsum
1958 3989 2053 4058 3ηηὶ
2077 3980 2255 4080 principium

263 4093 339 4184 ipse
353 4114 417 4162 suo
435 4111 562 4180 magna
577 4090 748 4180 sapientia
763 4090 801 4158 in
817 4088 893 4158 dies
907 4089 1014 4160 festos
1028 4101 1062 4160 et
1078 4088 1251 4180 profestos
1305 4093 1451 4164 incertis
1466 4095 1648 4164 oberraret
1663 4093 1824 4177 sedibus,
1850 4105 1883 4161 et
1899 4106 2061 4184 quatuor
2077 4086 2159 4160 anni
2174 4075 2258 4154 cardi

263 4219 306 4266 er
323 4194 451 4264 ordine
476 4205 510 4262 et
533 4192 608 4282 lege
624 4205 786 4262 motuum
802 4191 1008 4262 coelestium
1024 4191 1250 4262 distributam
1305 4219 1367 4265 nes
1381 4208 1649 4289 pervagaretur,
1677 4196 1775 4289 quod
1792 4193 1997 4274 accidisset,
2023 4195 2057 4264 si
2081 4217 2100 4261 a
2125 4188 2192 4260 solo
2205 4180 2257 4252 Lu·

263 4296 428 4382 tradidit;
455 4318 566 4388 eaque
580 4294 706 4364 seriem
724 4307 925 4386 temporum
943 4293 1179 4388 aequabiliter
1195 4295 1251 4364 di·
1305 4322 1371 4368 333
1392 4314 1493 4370 motu
1514 4298 1755 4390 dependisset,
1790 4311 1832 4368 nt
1856 4298 2006 4368 caeteris
2036 4295 2194 4388 gentibus
2213 4301 2260 4353 311

265 4398 400 4490 stingui
417 4409 451 4467 et
467 4397 649 4467 numerari
665 4397 789 4466 voluit.
829 4393 1055 4486 Congruebat
1073 4411 1190 4468 autem
1206 4399 1251 4468 ad
1305 4401 1423 4483 venit,
1451 4402 1556 4486 inde,
1583 4402 1677 4494 quod
1692 4400 1815 4470 Lunae
1830 4400 2020 4468 duodecim
2045 4391 2260 4468 conversiones

259 1799 436 1886 1131333313
464 1795 517 1865 Μ.
549 1790 1085 1964 Εναὲπὴξίὶηήοωί,
1120 1789 1248 1860 Solvet-

264 4500 414 4572 luminis
428 4499 613 4592 utriusque
633 4499 719 4568 solis
733 4499 910 4593 lunaeque
931 4499 1100 4570 circuitus
1116 4512 1151 4570 31
1165 4523 1252 4570 con·
1306 4528 1325 4572 a
1343 4501 1438 4573 Solis
1454 4502 1603 4595 periodo
1619 4503 1809 4584 deliciunt,
1836 4501 1931 4574 dieb.
1949 4503 2009 4574 10.
2025 4495 2173 4573 113311.
2190 4509 2262 4560 scru-

263 4605 456 4676 versiones.
508 4593 705 4672 Inchoabat
728 4625 861 4670 annum
881 4603 1035 4692 populus
1051 4599 1119 4672 Dei
1138 4603 1183 4672 ab
1210 4626 1252 4672 eo
1306 4604 1400 4697 pulis
1423 4605 1548 4698 primis
1569 4604 1625 4674 11.
1646 4603 1883 4674 3333331316.
1906 4599 2104 4673 1331113118.
2127 4587 2262 4668 tredecim

263 4705 480 4789 interlunio,
496 4703 594 4797 qnod
613 4727 764 4774 vernum
779 4703 1043 4797 aequinoctium
1059 4727 1254 4799 conseque-
1306 4707 1455 4777 eandem
1481 4719 1662 4800 superant:
1690 4707 1814 4776 diebus
1834 4705 1891 4776 ts.
1912 4689 2264 4786 hunslastadis

264 4810 390 4894 batur,
415 4807 509 4878 etde
524 4803 833 4898 Lunaetanquam
851 4805 1038 4896 magistrae
1063 4805 1255 4893 indicatio,-
1308 4807 1432 4900 primis
1456 4804 1515 4880 45.
1579 4806 1716 4878 Idcirco
1741 4824 1850 4881 metas
1871 4808 2131 4890 circumdedit,
2162 4797 2263 4896 quibus

264 4910 392 4994 uibus,
417 4910 462 4978 de
483 4907 863 4979 circumvolutionibus
885 4907 980 4990 eius,
1007 4910 1253 5000 congressibus
1306 4911 1410 4980 idad
1434 4911 1698 5006 aequinoctium
1720 4935 1870 4984 vernum
1892 4925 2068 5004 tanquam
2096 4917 2218 4978 certum
2242 4905 2265 4960 ⁰¹

267 5039 349 5084 cum
373 5009 477 5096 Sole,
504 5009 699 5080 recessibus
723 5009 769 5078 ab
783 5033 844 5095 eo,
869 5011 1185 5084 constitutionibus
1212 5036 1253 5084 ex
1307 5003 1558 5107 conspicu'um,
1582 5013 1800 5108 minimeque
1816 5027 1887 5084 tam
1903 5013 2026 5084 subito
2036 5009 2176 5084 varians
2190 4997 2265 5094 prin·

266 5116 458 5200 diametro,
484 5105 568 5182 inde
589 5111 759 5182 continua
783 5111 892 5197 serie,
912 5137 976 5185 ceu
994 5115 1144 5187 siventia
1162 5128 1253 5186 tem·
1309 5116 1442 5210 cipium
1463 5115 1645 5197 astrinxit,
1672 5141 1743 5210 quo
1762 5117 2064 5201 admonerentur,
2087 5125 2128 5184 ut
2149 5111 2265 5178 111111·

265 5242 353 5312 pora
376 5215 416 5286 in
436 5215 650 5308 septimanas
663 5213 873 5300 dirimebat,
898 5238 980 5286 cum
1002 5217 1177 5288 exercitiis
1197 5239 1255 5288 sa·
1304 5219 1352 5290 tis
1366 5217 1652 5313 praestitutisque
1668 5213 1764 5291 Solis
1781 5201 2267 5298 circumvolutionibusspatis

266 5373 463 5388 ..----
1306 5322 1486 5414 periodica
1510 5320 1780 5413 distinguerent
1838 5315 1972 5392 Eadem
2004 5340 2132 5392 rursus
2153 5305 2268 5383 13111·

300 5448 331 5510 *t
351 5443 382 5500 tn
400 5441 527 5500 nectam.
546 5439 702 5508 1133333313
719 5437 975 5504 conputatores.
1307 5445 1374 5494 333
1408 5422 1615 5496 circuitibus
1646 5425 1691 5494 ad
1724 5446 1810 5496 usus
1843 5423 2007 5516 publicos
2042 5413 2269 5494 convenienter
