4666 6170
203 258 277 342 tao
563 252 816 338 scatere
846 250 924 332 au
959 247 1162 332 varan
1192 247 1267 328 nr
1298 199 1540 331 oerruu
1570 249 1875 340 nanturra
2177 262 2252 336 rso

94 501 100 516 .
207 437 447 514 crificulorum
463 435 503 508 in
520 432 680 528 Papatu,
710 431 771 504 sed
797 426 950 518 serium,
976 427 1201 502 moderatum
1255 426 1381 514 luerit,
1406 427 1468 498 sed
1492 451 1531 500 ea
1557 431 1679 502 omnia
1702 455 1766 504 ceu
1790 429 1993 504 communia
2017 429 2062 504 ad
2078 431 2249 524 cuiusvis,

208 558 349 626 tamen,
376 555 411 614 et
433 563 509 610 non
524 538 750 628 adfligentem
765 533 1027 618 valetudinem,
1055 555 1138 602 cum
1153 529 1203 598 sic
1257 529 1363 600 etiam
1380 531 1633 615 minimorum,
1656 557 1757 626 saepe
1774 535 1880 605 etiam
1893 533 2125 626 indignorum
2144 561 2249 609 usum

66 707 79 732 ,
209 645 278 717 ait:
313 637 466 734 τέκνον,
501 636 559 712 ἐπὶ
579 641 703 732 νεκρῷ
723 629 914 736 κατάγαγε
938 626 1105 731 δάκρυα,
1140 625 1205 703 καὶ
1257 645 1457 723 comparata
1480 647 1514 704 et
1535 635 1690 726 exposita
1716 631 1898 722 habuerit3
1939 660 2030 730 quae
2052 637 2164 730 ipsius
2190 640 2250 710 in·

212 743 263 830 ὦς
284 740 389 820 δεινὰ
410 736 567 836 πάσχων
583 739 711 836 ἔναρξε
726 736 903 834 θρήνων,
929 731 994 809 καὶ
1007 731 1060 832 μὴ
1077 725 1205 825 derepi-
1258 731 1443 804 imitabilis
1463 735 1663 824 benignitas
1685 737 1851 830 privatim
1865 737 2014 828 singulis
2035 741 2251 838 petentibus,

211 844 280 944 δης
305 843 376 942 τὴν
405 841 532 942 ταφὴν
559 840 678 916 αὐτοῦ
685 891 697 928 ,
733 836 797 912 καὶ
824 833 981 934 ποίησον
1000 834 1044 910 τὸ
1066 833 1207 914 πένθος
1257 835 1380 905 multis
1404 835 1508 906 etiarn
1525 838 1641 922 ultro,
1667 839 1768 908 omni
1788 839 1987 910 officiorum
2004 864 2132 930 genere
2145 867 2249 933 praes

213 944 310 1024 κατὰ
329 945 399 1044 τὴν
421 941 531 1030 ἀξίαν
555 942 695 1030 αὐτοῦ,
728 937 793 1014 καὶ
812 933 1074 1037 παρακλήθηνι
1092 930 1207 1029 λύπης
1258 937 1358 1020 stite,
1392 962 1471 1006 cum
1496 938 1665 1008 latissime
1690 954 1812 1030 vagata
1835 941 1900 1026 sit,
1933 966 2029 1012 mors
2053 943 2129 1014 eius
2154 941 2252 1016 haud

216 1049 336 1125 ἕνεκα.
386 1043 480 1122 Ἀπὸ
505 1039 620 1140 λύπης
644 1041 719 1144 γὰρ
739 1039 902 1138 ἐκβαίνει
924 1035 1112 1126 θάνατος,
1142 1031 1207 1112 καὶ
1260 1038 1368 1108 dubie
1386 1039 1561 1128 plurimos
1577 1041 1628 1111 ita
1644 1042 1900 1128 commovebit,
1926 1055 1968 1112 ut
1986 1067 2071 1128 nos,
2096 1045 2159 1138 qui
2177 1059 2249 1117 tam

218 1145 314 1246 λύπη
329 1143 487 1246 καρδιᾶς
505 1142 647 1243 κάμψει
667 1139 796 1240 ἰσχύν,
822 1140 891 1214 hoc
907 1157 975 1216 est:
1006 1145 1077 1230 fili,
1103 1163 1208 1232 super
1261 1141 1323 1210 diu
1339 1140 1377 1208 in
1392 1141 1631 1212 familiaritate
1647 1142 1794 1236 ipsiusa
1821 1141 2039 1216 iuvenilibus
2064 1147 2169 1216 annis
2195 1147 2251 1216 ri-

218 1269 361 1326 mortuo
380 1255 495 1324 deduc
508 1240 701 1344 lacrymas,
726 1262 763 1336 et
774 1261 816 1318 ut
837 1249 926 1317 dura
946 1267 1068 1337 passus
1089 1242 1207 1334 incipe
1260 1241 1376 1312 ximus
1391 1255 1425 1312 et
1439 1243 1701 1330 consenuimus,
1727 1244 1953 1315 iustissimam
1970 1247 2168 1336 gravissimi
2185 1251 2253 1320 do·

219 1356 406 1448 lugubria,
432 1367 468 1426 et
489 1377 563 1423 non
586 1350 759 1443 despicias
782 1349 1000 1440 sepulturam
1018 1346 1148 1438 ipsius,
1175 1355 1209 1414 et
1260 1343 1348 1414 loris
1370 1367 1508 1412 causam
1526 1339 1657 1416 habere
1674 1347 1868 1417 confessuri
1883 1346 1965 1418 sint.

220 1459 277 1529 iac
300 1458 433 1528 luctum
457 1479 522 1547 pro
548 1454 721 1543 dignitate
742 1450 871 1542 ipsius,
911 1451 971 1518 sed
995 1446 1209 1518 consolatio·
1364 1442 1434 1516 Sed
1459 1445 1697 1518 consideratio
1717 1448 1852 1539 publici
1877 1446 2257 1540 incommodietperi-

210 1582 306 1630 nem
338 1558 444 1629 etiam
481 1555 626 1627 admitte
659 1553 761 1624 istius
786 1549 932 1624 doloris.
988 1547 1210 1620 Amoerore
1262 1544 1352 1630 culi,
1377 1549 1475 1639 qnod
1499 1547 1611 1640 ipsius
1634 1549 1754 1620 obitos
1774 1545 1842 1618 boc
1859 1562 2019 1641 tempore
2037 1547 2255 1623 Academiae

91 1639 95 1648 ¹
133 1699 140 1716 ι
222 1661 317 1732 enirn
335 1657 453 1730 existit
467 1681 584 1742 mors,
610 1669 644 1726 et
659 1653 837 1724 moesticia
852 1651 983 1742 trangit
999 1653 1112 1721 robur
1130 1672 1210 1720 cor·
1258 1660 1298 1716 et
1319 1643 1500 1719 Ecclesiae
1526 1645 1610 1720 huic
1634 1651 1773 1736 attolit,
1808 1645 1905 1722 hunc
1930 1653 2113 1736 dolorem,
2144 1665 2256 1746 qoem

223 1764 293 1833 dis.
344 1759 424 1832 Hoc
448 1761 543 1830 dicto
562 1757 738 1830 Siracides
760 1751 928 1847 prohibet
949 1765 1149 1847 utrunque,
1175 1763 1211 1820 et
1262 1747 1421 1840 privatae
1454 1751 1722 1823 consuetudinis
1760 1753 1975 1856 desiderium
2015 1755 2121 1826 nobis
2154 1757 2259 1843 facit,

223 1865 473 1956 profanitatem
496 1857 561 1932 καὶ
582 1854 789 1958 ἀστοργίαν
810 1879 955 1940 eornm,
982 1857 1045 1949 qui
1062 1854 1211 1924 nonad-
1264 1853 1521 1942 propemodum
1538 1853 1761 1944 extinguitet
1775 1855 1910 1938 obruit,
1935 1857 2040 1928 etiam
2056 1857 2095 1926 in
2111 1857 2167 1944 iis,
2193 1859 2259 1951 qn'i

224 1966 396 2037 ficiuntur
421 1986 566 2034 suorum
594 1962 715 2046 obitu,
754 1973 790 2030 et
814 1959 998 2030 clamitant
1022 1957 1211 2046 indignum
1264 1967 1409 2044 propter
1439 1956 1625 2046 sanguinis
1656 1957 1715 2026 vel
1749 1956 1931 2028 affinitatis
1965 1959 2257 2032 coniunctionem

216 2091 300 2138 esse
327 2067 408 2136 viro
437 2065 544 2150 serti,
579 2065 713 2132 nedum
739 2055 964 2158 Christiano,
995 2058 1212 2150 profundere
1264 2054 1457 2126 iustissime
1480 2079 1518 2128 sc
1541 2058 1663 2128 dolere
1684 2055 1897 2134 existimant.
1947 2057 2135 2135 Noverunt
2156 2062 2253 2136 enim

224 2171 400 2264 lacrymas
428 2179 463 2236 et
484 2167 588 2236 edere
609 2163 902 2254 significationem
927 2160 1038 2230 ollam
1067 2157 1212 2228 moesti-
1263 2178 1405 2262 omnes,
1433 2172 1610 2252 quotquot
1632 2153 1692 2230 bic
1715 2161 1901 2233 nobiseum
1921 2163 2124 2234 studiorum
2140 2164 2251 2234 socie-

226 2271 318 2342 ciac:
345 2283 379 2340 et
395 2290 518 2339 narsus
540 2267 814 2336 immoderatum
837 2261 1016 2340 dolorem,
1042 2281 1213 2352 respuen-
1265 2271 1335 2328 tate
1354 2257 1537 2332 coniuncti
1556 2259 1741 2352 riserunt,
1768 2275 1900 2357 quanta
1923 2287 2027 2351 cura,
2057 2265 2256 2355 vigilantia,

213 2370 300 2444 'tem
322 2393 466 2443 omnem
489 2367 787 2450 consolationem,
813 2387 885 2457 quo
907 2375 942 2434 et
955 2363 1122 2433 valetudo
1137 2362 1211 2430 lae·
1265 2359 1453 2430 sedulitate
1472 2362 1736 2452 gubernationi
1770 2365 2013 2438 communium
2051 2368 2254 2440 studiorum

226 2474 343 2558 ditur,
368 2485 402 2542 et
419 2469 516 2543 Dens
534 2469 748 2554 offenditur,
770 2467 896 2537 volens
911 2489 977 2534 nos
993 2465 1213 2560 acquiescere
1265 2461 1475 2554 praefuerit,
1501 2477 1634 2557 quanta
1655 2467 1884 2538 contentione
1907 2467 2018 2538 animi
2039 2469 2100 2538 illa
2125 2469 2254 2540 excita-

227 2599 292 2646 suo
317 2574 484 2657 consilio,
513 2587 549 2642 et
573 2595 644 2639 non
667 2571 815 2639 fremere
836 2569 1005 2638 adversus
1028 2568 1156 2637 iustam
1179 2577 1214 2635 et
1265 2563 1333 2645 rit,
1357 2563 1529 2654 plurimas
1552 2589 1679 2660 easque
1699 2569 1927 2640 difficillimas
1940 2569 2112 2641 lectiones
2126 2572 2166 2640 in
2181 2593 2258 2642 sese

203 2726 206 2732 =
226 2699 366 2770 semper
380 2674 552 2768 optimam
568 2674 786 2743 voluntatem
804 2693 915 2742 suam.
1266 2664 1457 2756 recipiens,
1481 2667 1572 2738 mira
1589 2669 1803 2742 adsiduitate
1821 2671 2015 2741 lectionum
2031 2695 2155 2764 operas
2168 2697 2261 2744 con-

330 2775 421 2849 Cum
445 2789 561 2846 antem
575 2771 671 2844 Deris
695 2771 988 2843 clementissimus
1009 2768 1211 2840 nudiuster-
1267 2767 1430 2854 tianeus,
1469 2791 1532 2840 sua
1563 2771 1737 2862 sapientia
1770 2795 1896 2865 operes
1928 2773 1995 2843 rite
2028 2775 2261 2860 distribuens,

227 2880 301 2952 tius
329 2879 466 2974 placida
496 2876 761 2946 obdormitione
786 2875 1035 2968 potiusquam
1060 2883 1214 2941 murtea
1265 2864 1421 2958 Collegis
1435 2870 1632 2964 aliquibus,
1656 2897 1748 2967 quae
1765 2899 1845 2946 cum
1859 2875 2014 2948 utilitate
2031 2877 2261 2948 auditoribus

228 2981 335 3052 nobis
351 2979 537 3052 abduxerit
554 2979 787 3050 reverendum
812 2990 847 3046 et
866 2974 1085 3045 carissimum
1111 2993 1214 3062 prae-
1266 2969 1341 3040 suis
1362 2973 1559 3056 traderent,
1591 2976 1848 3067 praescribens,
1879 2978 2041 3046 omnium
2063 2979 2259 3070 professio·

148 3167 152 3172 Ι
229 3096 407 3174 captorem
424 3105 465 3152 ac
481 3094 614 3170 patrem
635 3093 817 3165 nostrum,
848 3073 1045 3148 Dominum
1063 3066 1214 3168 Plsils'p-
1268 3093 1354 3141 num
1375 3081 1417 3142 'et
1447 3074 1645 3148 officiorum
1676 3078 1944 3150 necessitatibus
1974 3093 2007 3148 et
2033 3081 2258 3152 curamentis

228 3207 317 3278 pum
339 3175 646 3263 memnonem,
679 3180 921 3252 communiam
948 3177 1148 3248 studiorum
1175 3177 1215 3244 in
1267 3174 1510 3261 subserviens,
1535 3177 1690 3275 deniqne
1705 3183 1801 3275 qued
1816 3180 1969 3272 singulis
1987 3181 2208 3254 laboriosum
2222 3196 2258 3256 et

228 3281 298 3358 hac
318 3279 510 3356 Academia
533 3307 711 3354 summum
739 3295 772 3353 et
794 3281 1062 3352 faelicissimnm
1085 3279 1215 3370 guber·
1268 3275 1412 3346 difficile
1443 3279 1606 3350 futurum
1636 3295 1728 3368 erat,
1760 3282 1835 3375 ipse
1867 3305 1962 3354 unns
1989 3307 2055 3376 pro
2085 3285 2259 3356 omnibus

228 3399 410 3473 ueterem,
433 3399 553 3457 tantos
568 3379 664 3455 haud
679 3386 786 3456 dubie
803 3395 970 3454 sanorum
987 3381 1150 3450 omnium
1164 3391 1216 3451 est
1248 3376 1412 3449 -subiens
1433 3392 1467 3449 et
1488 3403 1614 3470 magna
1638 3384 1920 3476 promptitudine
1933 3384 2044 3456 animi
2060 3386 2258 3475 attinens,

230 3491 353 3574 dolor,
377 3501 418 3560 nt
440 3487 502 3564 ille
522 3509 745 3580 nequaquam
767 3485 852 3556 ullis
874 3483 1074 3556 rationibus
1088 3505 1216 3554 accen-
1269 3492 1304 3550 et
1325 3491 1516 3574 antequam
1542 3499 1727 3571 rogaretur
1747 3499 1874 3578 sponte
1897 3485 1978 3556 aliis
2009 3486 2259 3578 indigentibus

229 3591 369 3664 dendus
386 3589 515 3680 tnagis.
541 3591 600 3658 sed
618 3584 643 3682 ¹)
665 3587 782 3679 potius
801 3585 985 3681 exquisitis
999 3584 1216 3675 argumentis
1268 3603 1367 3652 suam
1383 3603 1526 3672 operam
1540 3583 1714 3660 offerens·
1755 3584 1824 3660 His
1837 3585 2036 3661 rationibus
2050 3590 2258 3662 studiorum

218 3692 419 3770 ‚leniendus
442 3703 478 3762 et
500 3691 677 3762 sedendus
692 3713 766 3760 esse
784 3689 959 3760 videatur.
1010 3685 1119 3776 Quod
1134 3709 1215 3758 cum
1269 3703 1491 3774 progressum
1514 3685 1688 3760 foeliciter
1708 3689 1958 3780 promovebat,
1982 3704 2017 3762 ct
2038 3691 2260 3787 collegarum

228 3817 287 3868 me
303 3792 470 3886 inprimis
487 3793 600 3864 lacere
618 3803 762 3882 propter
782 3790 956 3876 officium,
987 3787 1085 3882 qnod
1108 3787 1216 3860 susti·
1269 3775 1515 3882 dpyodsse'rsrpc
1529 3801 1615 3873 erat,
1640 3813 1715 3864 non
1730 3791 1855 3862 acerba
1869 3791 2129 3884 obiurgationis
2147 3787 2261 3868 rebe-

229 3919 320 3981 neo‚
344 3897 485 3975 deceat,
512 3915 602 3988 quae
615 3888 700 3964 huic
714 3893 860 3986 proprio
879 3906 915 3964 et
927 3903 1045 3962 vestro
1056 3885 1086 3978 ²)
1098 3889 1216 3962 dolori
1268 3886 1399 3956 mentia
1429 3901 1464 3959 et
1493 3889 1654 3978 ignaviae
1684 3893 1911 3986 castigatione
1934 3917 1994 3966 ens
2018 3895 2263 3988 pudefaciens,

228 3987 433 4094 esculos
457 4008 493 4068 et
512 3993 706 4066 lenimenta
729 3991 936 4077 adhibeam,
960 4017 1036 4064 non
1053 3991 1139 4062 satis
1155 3992 1215 4072 in-
1268 3989 1330 4058 sed
1344 4010 1427 4060 suae
1441 3985 1665 4066 adsidiritetis
1678 3994 1839 4088 exemplo
1854 4007 2027 4068 cessantes
2040 3998 2085 4068 ad
2102 3997 2262 4090 diligen-

229 4099 350 4173 venio.
398 4095 491 4171 Cum
516 4095 613 4168 enim
638 4099 825 4180 recordor,
858 4119 965 4188 quarn
987 4092 1102 4168 dulcis
1124 4089 1215 4166 mibi
1268 4089 1354 4160 tiam
1377 4093 1580 4170 traducens.
1627 4089 1678 4168 Et
1697 4099 1793 4190 quod
1807 4091 2134 4190 summoperehuic
2147 4093 2260 4172 sclan-

228 4225 310 4272 eum
331 4195 400 4272 boc
419 4201 498 4270 viro
521 4197 758 4270 intercesserit
773 4195 996 4269 familiaritas
1014 4211 1050 4268 et
1066 4217 1216 4266 consue-
1268 4191 1323 4262 lae
1342 4192 1493 4284 profuit,
1524 4194 1572 4264 ita
1596 4210 1671 4268 erat
1693 4213 1840 4284 natura,
1870 4200 2041 4286 consilio,
2075 4201 2198 4272 studio
2219 4216 2260 4278 et

228 4303 318 4374 tudo
331 4299 545 4374 domesticae
561 4300 728 4370 similima
747 4299 817 4370 iam
832 4323 851 4372 a
868 4297 994 4390 primis
1009 4296 1216 4368 adolescen-
1267 4292 1416 4364 artificio
1433 4291 1750 4391 συμβιβαστικός,
1775 4313 1810 4372 et
1825 4301 2025 4372 eommunis
2040 4303 2258 4377 concordiae

230 4403 301 4476 tiae
313 4426 411 4474 meae
425 4403 543 4488 annis,
567 4403 712 4497 quantis
725 4401 851 4474 officiis
865 4401 911 4474 ab
927 4401 1005 4494 ipso
1018 4413 1216 4492 provectus,
1267 4395 1493 4483 conciliator,
1527 4413 1568 4469 ut
1592 4423 1673 4470 cum
1699 4399 1774 4492 ipse
1794 4423 1898 4494 saepe
1917 4403 2072 4492 graviter
2097 4403 2261 4478 offensus

229 4505 390 4591 adiutus,
415 4517 564 4576 ornatus
583 4504 668 4591 sim,
693 4499 769 4576 lieri
785 4527 859 4574 non
880 4515 1013 4596 potest,
1036 4501 1215 4597 quincius
1267 4519 1344 4568 non
1365 4499 1473 4568 modo
1495 4498 1673 4572 vindictae
1686 4501 1880 4594 cupiditate
1896 4503 2047 4576 excitare
2061 4505 2260 4582 certamina

227 4601 321 4680 mibi
340 4606 459 4679 abitus
478 4605 742 4678 acerbissimum
763 4605 924 4677 dolorem
947 4605 1093 4678 adferat.
1142 4601 1216 4676 Ne-
1261 4591 1343 4670 'non
1363 4599 1486 4684 vellet,
1512 4604 1572 4672 sed
1595 4601 1704 4674 etiam
1721 4605 1995 4694 obtrectantium
2009 4620 2043 4677 et
2055 4609 2260 4680 malevolo.

120 4735 125 4746 ·
228 4729 403 4812 querere
423 4729 506 4800 erga
525 4731 583 4780 me
608 4708 828 4782 solumtalis
848 4707 938 4793 tuis,
968 4719 1004 4779 et
1027 4731 1102 4778 non
1125 4706 1215 4778 elios
1266 4723 1345 4770 rum
1381 4698 1533 4772 iniurias
1564 4703 1751 4778 tolerando
1771 4719 1807 4778 et
1830 4706 1978 4800 insuper
2002 4707 2260 4784 benefaciendo

228 4829 352 4881 omnes
376 4812 497 4885 studio
520 4824 555 4882 et
575 4810 794 4900 benignitate
815 4832 878 4882 sua
900 4809 1103 4900 complexus
1123 4809 1214 4880 iuvit
1265 4802 1425 4886 vinceres
1454 4817 1492 4875 ul
1515 4805 1717 4876 univermm
1737 4809 1944 4880 memoriam
1967 4831 2087 4880 esrum
2110 4811 2259 4886 abolere

226 4926 262 4982 et
275 4912 421 4986 adiuvit.
470 4911 611 4985 Scimus
625 4913 741 4998 enim,
767 4913 842 4982 eiua
857 4911 1055 4984 bonitatem
1077 4923 1213 4984 eanum
1265 4905 1437 4976 studeret:
1470 4905 1575 4978 etiam
1596 4909 1996 4985 commonefactionibus
2016 4909 2108 4996 suis,
2140 4913 2259 4986 inter·

225 5011 350 5094 inisse,
375 5028 415 5086 ut
436 5009 530 5086 nibil
549 5013 730 5097 omnium,
756 5037 845 5109 qnae
861 5005 1035 5100 babebat,
1060 5027 1094 5086 et
1110 5025 1213 5104 pota.
1264 5005 1504 5096 cessionibus,
1528 5009 1871 5094 lenitionibusortas
1885 5012 1980 5084 inter
1996 5013 2148 5106 collegas
2171 5039 2258 5088 suos

224 5129 299 5197 rat,
323 5115 394 5186 sibi
416 5129 478 5189 aut
498 5117 572 5190 suis
593 5117 726 5188 servire
744 5131 778 5190 et
799 5117 964 5210 prodesse
986 5129 1126 5190 tantum
1147 5143 1213 5190 vo-
1264 5105 1559 5204 ⁰fftn⁸5⁰⁰⁰¹¹l⁸⁸s
1583 5125 1773 5208 ffllflqumn
1789 5115 1882 5186 virm
1895 5114 2142 5209 acquirerent.
2167 5139 2257 5213 tup-

217 5231 427 5286 ·.-.......
782 5293 785 5302 ,
1113 5267 1116 5274 .
1262 5209 1448 5302 primeret,
1482 5227 1517 5286 et
1535 5237 1600 5286 suo
1624 5215 1811 5308 praecipue
1830 5217 1994 5310 exemplo
2010 5231 2046 5290 et
2062 5221 2256 5294 autoritate

254 5339 360 5423 qua]
377 5339 632 5414 swam,
1261 5313 1305 5382 ad
1332 5335 1521 5386 commune
1542 5317 1753 5389 concordiae
1775 5319 1934 5390 studium
1949 5321 2041 5392 etad
2058 5315 2257 5400 melanes

251 5425 281 5499 e)
298 5433 407 5496 essem]
423 5427 487 5487 scr.
503 5429 581 5524 pont.
594 5431 699 5492 auena.
1141 5457 1152 5468 -
1260 5413 1469 5488 tolerantem
1484 5417 1764 5492 imbecilliorum
1780 5433 1916 5510 errata,
1940 5437 2177 5514 permoveret.
