4652 6178
242 233 318 314 779
837 217 1258 316 quammultas
1291 223 1694 316 ACADEMICAE.
2174 257 2233 332 'tta

240 405 284 480 da
299 402 437 508 officiis
454 397 587 474 borum
603 392 808 482 canalium,
835 391 969 484 altera,
995 419 1047 468 aa
1062 417 1236 468 excusare
1288 414 1387 476 ratru
1403 395 1510 480 bum
1530 409 1684 481 marandi
1703 403 1853 496 theatri,
1875 414 1977 502 quod
1992 413 2029 486 i„
2043 418 2166 509 water,
2182 420 2234 498 qu.

239 507 355 584 1’1010
369 503 515 608 9⁰⁸⁵?st
740 529 743 536 '
1287 505 1387 578 mani
1403 508 1565 600 corporis
1578 505 1675 585 Deus
1697 514 1803 586 nobis
1825 519 2026 606 proposuit,
2051 522 2157 596 dep„
2167 521 2236 600 hm

335 611 388 684 Ac
402 611 557 704 primum
572 603 719 674 mirifica
733 601 881 672 omnino
896 600 1083 672 fabricatio
1097 615 1152 674 est
1167 589 1238 672 bu·
1263 697 1265 703 ¹
1287 609 1529 697 quaestionem
1551 615 1594 680 ad
1619 611 1852 703 Magnificum
1872 618 2055 695 dondnum
2076 621 2236 698 llaemto.

239 716 339 787 mani
356 710 529 806 corporis,
554 708 678 802 inqua
704 717 840 776 tantum
864 705 951 775 artis
971 698 1136 774 adhibuit
1157 703 1238 795 opi·-
1262 753 1265 780 .
1287 731 1384 794 rem,
1417 709 1469 780 Μ.
1496 707 1705 785 Iohannem
1735 711 1980 808 Marcellam,
2010 739 2235 802 conterraneum

239 818 316 904 fex,
337 829 378 889 ut
394 832 678 906 agnosceremus,
703 831 778 876 nou
793 829 874 876 casu
892 806 1047 878 extitisse
1062 801 1153 876 banc
1171 829 1237 876 na-
1287 835 1405 882 meum
1422 814 1660 902 carissimum,
1684 843 1790 913 quem
1806 845 1881 906 oro,
1907 838 1965 910 ιιι,
1989 849 2170 920 quanquam
2182 857 2236 902 am.

240 934 360 994 turam
383 939 523 998 rerum,
547 913 610 982 sed
632 937 652 980 a
676 923 795 984 mente
814 902 1093 980 architectatrice
1110 907 1236 978 condi·
1261 966 1265 1011 Ι
1287 913 1427 1004 plitudo
1446 909 1572 988 barrum
1593 943 1711 990 rerum
1737 946 1810 991 non
1830 939 1944 1018 potest
1967 926 2081 1016 paucis
2099 933 2238 1024 explicari,

240 1037 418 1095 tamesae.
469 1012 518 1087 Et
532 1009 600 1084 boc
617 1013 723 1082 modo
742 1010 945 1099 investigari
962 1033 999 1082 sc
1016 1010 1053 1080 io
1072 1004 1138 1080 har
1157 1010 1238 1102 opi-
1261 1019 1265 1088 l
1286 1029 1406 1086 tamen
1434 1021 1477 1088 ad
1510 1021 1879 1096 commonefaciendus
1909 1027 2098 1110 auditores,
2133 1035 2235 1130 aliquid

239 1123 311 1196 ficii
334 1116 635 1198 consideratione,
661 1127 696 1184 et
718 1111 920 1184 obedientia
944 1125 1065 1182 nostra
1087 1135 1238 1204 praepa·-
1261 1095 1265 1154 i
1287 1118 1381 1188 dicat
1393 1121 1437 1190 de
1453 1120 1614 1190 miranda
1632 1117 1857 1216 copulatione
1874 1127 2172 1204 diversissimarum
2185 1163 2236 1204 m,

240 1226 314 1298 rari
337 1248 403 1294 nos
432 1223 477 1292 ad
504 1218 740 1288 immortalem
765 1215 874 1286 vitam
898 1215 1023 1287 voluit.
1082 1213 1238 1284 Miretur
1287 1215 1474 1290 chinarum
1489 1221 1525 1291 in
1540 1217 1702 1314 bomine,
1729 1229 1772 1297 de
1792 1229 2035 1304 instrumentis
2054 1235 2184 1308 noticiae
2208 1239 2237 1308 de

240 1329 337 1400 enim
354 1324 494 1421 aliquis,
518 1320 549 1390 si
565 1315 726 1388 homines
742 1317 876 1386 conditi
894 1331 978 1386 sunt
991 1341 1064 1386 non
1080 1318 1124 1386 ad
1143 1311 1236 1384 banc
1287 1323 1430 1412 organis
1452 1325 1635 1414 oratoriis,
1667 1343 1701 1400 et
1724 1329 1768 1400 de
1792 1333 2043 1406 nutricatiune.
2101 1295 2192 1410 tsstite’
2205 1355 2238 1410 cst

239 1430 427 1501 mortalem
445 1427 574 1502 vitam,
589 1423 662 1498 ,scd
679 1420 771 1490 utin
787 1420 1020 1488 aeterualuce
1039 1433 1073 1488 et
1095 1417 1237 1510 sapien·-
1286 1425 1445 1515 profecto
1470 1427 1642 1516 cogitare,
1678 1457 1748 1524 qno
1774 1437 1924 1506 consilio
1948 1462 2004 1508 res
2026 1452 2093 1510 tam
2111 1441 2238 1528 diversas,

240 1534 291 1606 tia
315 1531 453 1612 vivant,
487 1525 573 1620 quid
598 1523 665 1592 fuit
691 1546 780 1608 opus
806 1521 998 1610 adiungere
1021 1521 1060 1588 iu
1090 1514 1236 1590 bomine
1287 1525 1325 1594 iu
1342 1519 1497 1600 hominis
1513 1546 1675 1604 naturam
1691 1531 1789 1606 Deus
1809 1535 2004 1615 incluserit.

243 1634 399 1705 'culinam
433 1629 525 1723 parti
559 1623 751 1695 rationali?
801 1622 842 1694 si
869 1637 986 1692 autem
1019 1636 1158 1694 tautum
1189 1623 1235 1692 ad

240 1736 426 1818 mortalem
443 1733 550 1802 vitam
569 1727 734 1798 conditus
750 1740 822 1810 est,
846 1723 932 1821 quid
950 1749 1040 1818 opus
1056 1725 1123 1796 fuit
1139 1737 1236 1796 tanta
1423 1754 1603 1842 pamm-⁰
1623 1759 1678 1832 Μ
1700 1761 1902 1836 popam,
1923 1685 2134 1840 Mutum

241 1839 341 1910 arte?

343 1935 423 2011 Etsi
444 1947 562 2006 autem
579 1949 652 2000 non
668 1931 819 2002 dubium
836 1945 906 2020 est,
932 1928 1057 2022 primis
1080 1927 1235 2021 parenti·
1389 1910 1467 2004 ΕΒΟ
1491 1939 1574 1986 “¹⁰
1601 1917 1775 1989 ⁰³¹i⁵³i¹¹¹i
1798 1923 1997 2014 θῦἆῖῑῦῑθθι
2022 1913 2184 2020 ‘ulmi‘
2198 1951 2234 1998 ¹¹¹²

239 2042 606 2134 busipsammtume
629 2031 1236 2104 consider,[10„,.mfuqmillustre
1288 2018 1331 2086 ad
1362 2030 1510 2088 naturae
1546 2020 1866 2096 considerationem
1901 2045 2082 2124 ratcunque
2113 2033 2233 2113 rauscito,

239 2141 483 2220 testimouium
506 2139 549 2207 de
567 2133 659 2204 Deo:
684 2147 803 2204 tamen
819 2136 922 2206 nabis
937 2135 975 2204 in
993 2129 1058 2203 hac
1075 2133 1237 2222 caligine,
1287 2134 1405 2189 ranno
1430 2143 1512 2189 mox
1534 2123 1718 2214 opprimor
1739 2125 1812 2216 ipsa
1834 2131 2098 2220 magnitudine,
2123 2147 2150 2203 et
2166 2133 2230 2228 qnasi

240 2243 309 2319 hae
333 2239 627 2318 raciocinationet
648 2237 692 2306 de
715 2235 792 2308 Deo
817 2251 900 2308 sum
922 2235 1163 2320 obscuriora,
1188 2230 1236 2305 Et
1287 2221 1381 2291 mole
1411 2245 1530 2291 rerum
1556 2238 1755 2314 tantarum,
1788 2229 1837 2300 ita
1862 2245 1901 2302 ut
1925 2233 2023 2304 velot
2052 2236 2191 2306 attonitas
2206 2243 2227 2302 el

240 2365 362 2433 [amen
380 2367 499 2416 caussa
518 2338 655 2410 consilii
673 2337 787 2408 divini
805 2340 957 2409 tenenda
976 2351 1040 2408 est,
1288 2347 1378 2416 pene
1405 2323 1623 2397 exanimatus
1652 2327 1917 2420 obstupescam,
1952 2357 1993 2406 ac
2014 2338 2158 2421 doleam,
2180 2357 2231 2404 cun

344 2448 463 2520 Tanta
477 2456 529 2514 est
543 2441 703 2526 varietas,
730 2457 898 2536 tanquam
916 2435 1171 2520 machinarum,
1197 2437 1234 2507 in
1287 2439 1414 2497 natura
1439 2428 1582 2498 condita
1604 2429 1650 2500 sit
1677 2431 1720 2500 ad
1746 2427 1836 2506 hanc
1860 2437 2088 2528 sapientiam,
2119 2441 2167 2508 sir
2186 2437 2231 2506 ui·

239 2551 400 2628 humano
426 2559 594 2639 corpore,
629 2557 669 2614 ut
692 2548 736 2612 de
760 2544 891 2614 artifice
915 2565 979 2612 nos
1010 2543 1235 2612 admoneant.
1287 2551 1391 2618 guam
1409 2531 1572 2598 tambram
1590 2531 1698 2624 aspici
1724 2559 1844 2624 posse,
1871 2553 1903 2607 et
1920 2541 2078 2617 fortassis
2098 2539 2169 2613 baec
2185 2541 2232 2631 ipsa

238 2655 426 2730 Praeterea
451 2673 525 2720 non
545 2647 589 2716 ad
607 2646 790 2717 rnortalem
809 2660 946 2716 tantum
969 2643 1076 2714 vitam
1099 2643 1235 2712 conditi
1286 2631 1325 2699 in
1351 2631 1455 2699 nobis
1471 2631 1621 2702 aviditas
1648 2637 1786 2724 penitus
1805 2646 2042 2730 cognoscendi
2066 2661 2096 2716 et
2113 2641 2232 2714 naturam

239 2781 381 2842 ‘umus’
405 2754 466 2826 sed
489 2749 654 2822 adiuncta
678 2761 728 2818 „q
750 2749 869 2818 culina
894 2747 986 2838 parti
1008 2745 1234 2835 5n2011532n15‚
1287 2746 1321 2802 et
1341 2732 1522 2824 opificem,
1545 2734 1755 2824 significatio
1780 2755 1832 2814 est
1855 2744 1960 2814 insita
1989 2761 2147 2830 naturae,
2167 2741 2232 2814 testi·

239 2860 325 2958 qnia
342 2881 407 2928 nos
431 2850 632 2949 praeparari
650 2849 687 2918 in
709 2846 775 2921 hac
796 2851 867 2921 vita
885 2851 926 2918 ad
950 2863 1129 2920 aeternam
1148 2872 1235 2916 con·
1286 2835 1412 2920 beans,
1439 2859 1504 2904 nos
1527 2839 1571 2906 ad
1593 2843 1887 2916 consuetudinem
1909 2859 2088 2918 aeternam
2104 2844 2161 2919 Dei
2177 2869 2233 2916 con-

239 2961 465 3034 memdinem
487 2953 623 3038 voluit,
656 2952 694 3021 qn
717 2947 783 3022 qm
806 2951 948 3020 mortali
979 2951 1236 3021 completudine
1286 2939 1379 3006 ditos
1397 2959 1487 3022 esse,
1512 2938 1575 3008 ubi
1594 2936 1806 3016 architectus
1821 2933 1895 3040 ipse
1917 2962 1951 3018 et
1967 2976 2111 3044 operum
2129 2971 2233 3020 suoram

241 3064 356 3135 voluit
373 3061 475 3131 initia
489 3072 652 3128 aeternae
665 3055 754 3124 lucis
770 3054 924 3124 accendi.
966 3050 1054 3122 ldeo
1070 3051 1160 3145 parti
1177 3053 1230 3120 in·
1286 3039 1422 3124 ideam,
1449 3041 1647 3143 (ἲῑῑθῐῑὸἷιῗθ
1669 3047 1774 3114 ὓθῦῑδ
1797 3049 1970 3126 ⁰⁵¹²¹¹dt⁸b
2022 3051 2233 3124 Dit'tfflffll‘ffl

242 3165 418 3261 telllgenti
431 3161 596 3232 adiuncta
613 3172 665 3227 est
680 3157 811 3251 rulina.
1286 3141 1441 3212 breviter
1456 3144 1499 3210 de
1515 3141 1584 3212 tuis
1599 3149 1877 3238 quaestionibus.

315 3308 318 3317 .
345 3265 449 3338 Nunc
462 3261 619 3335 breviter
633 3259 749 3328 dicam
764 3261 808 3349 de
825 3258 951 3330 officiis
968 3257 1113 3329 illorum
1129 3279 1236 3326 cana·
1388 3239 1452 3314 Est
1465 3245 1612 3316 oumino
1629 3248 1789 3319 miranda
1806 3250 2001 3348 copulatio,
2023 3255 2235 3328 diversissima-

240 3373 344 3444 lium.
396 3363 625 3436 Manifestum
644 3376 694 3432 est
711 3357 909 3454 oesophago
926 3375 960 3432 et
981 3356 1100 3430 cibum
1117 3371 1153 3428 et
1169 3383 1235 3450 po.
1286 3371 1365 3416 rum
1391 3339 1635 3419 machinarum
1660 3351 1698 3418 in
1725 3345 1882 3428 bomine.
1936 3355 2030 3430 Nam
2055 3361 2081 3429 si
2103 3361 2140 3430 ad
2158 3371 2236 3428 acter-

242 3489 320 3546 tum
344 3465 426 3542 vehi
451 3467 488 3536 in
512 3459 761 3541 ventriculum.
812 3461 903 3535 Nam
929 3477 962 3532 et
987 3475 1072 3554 potu
1096 3483 1235 3530 necesse
1287 3473 1369 3520 nam
1385 3448 1591 3542 sapientiam
1606 3454 1740 3523 conditi
1754 3478 1895 3541 sumus,
1921 3472 2033 3554 qlrare
2048 3463 2236 3533 adiunctael

242 3591 295 3648 est
313 3573 411 3644 cibos
427 3567 503 3640 fieri
515 3561 754 3650 humidiores,
781 3581 814 3636 et
829 3566 971 3656 sanguis
989 3563 1026 3632 in
1043 3576 1142 3654 epate
1158 3586 1233 3630 nou
1287 3547 1372 3620 baec
1389 3565 1459 3622 1³¹ss
1477 3553 1619 3623 ⁸0fd5t¹i¹
1636 3553 1781 3626 culina?

241 3690 381 3751 tantum
398 3699 439 3744 ει
453 3672 550 3754 cibo,
574 3665 757 3738 sedetiam
781 3693 821 3736 ex
844 3685 929 3758 potu
953 3665 1120 3756 gignitur.
1175 3659 1235 3734 lu-
1385 3648 1538 3725 Consilii
1561 3649 1667 3726 huius
1689 3651 1870 3732 verissima
1891 3689 1997 3736 cansa
2022 3683 2089 3754 est,
2113 3667 2181 3764 quia
2196 3687 2237 3730 aa·

242 3781 352 3852 fluere
371 3777 477 3867 igitur
494 3785 615 3866 potum
633 3771 670 3838 pn
686 3771 920 3840 veanqcutum
938 3789 1077 3838 nemea
1094 3781 1156 3838 eat,
1286 3757 1353 3826 luit
1368 3755 1463 3826 Dens
1482 3769 1643 3827 naturam
1665 3759 1821 3854 aliquam
1839 3783 2046 3858 corpoream
2071 3795 2155 3854 esse,
2175 3787 2237 3860 qut!

346 3873 506 3950 Trabea
523 3899 606 3943 vero
622 3897 696 3940 nou
713 3871 852 3942 cufim
866 3894 967 3941 causa
984 3871 1151 3951 sacmeel,
1173 3870 1233 3938 sed
1286 3860 1322 3927 in
1348 3853 1414 3928 liae
1437 3858 1511 3949 ipsa
1537 3860 1607 3928 vita
1632 3861 1772 3933 fruente
1797 3867 1902 3938 rebus
1929 3873 2164 3952 irascentibus,
2191 3863 2237 3959 ipsi

242 3997 389 4080 propter
404 3977 633 4072 spirationem
649 3989 683 4044 et
698 3999 831 4056 vocem,
853 3973 1046 4044 oratorium
1062 3995 1232 4061 organum
1285 3962 1441 4047 serviret,
1468 3975 1502 4030 et
1519 3985 1614 4030 nunc
1629 3983 1857 4057 praeparetur
1872 3971 1915 4040 ad
1934 3987 2111 4044 aeternam
2125 3989 2238 4042 consue·

242 4103 311 4173 est,
343 4086 439 4180 quod
470 4077 705 4150 necessarium
730 4077 799 4146 fuit
826 4091 972 4148 niturae
1002 4073 1165 4142 conditae
1190 4075 1235 4141 ad
1285 4064 1445 4134 tudinem
1469 4065 1684 4140 coelestium.
1745 4066 1850 4140 Nunc
1873 4072 1983 4162 igitur
2007 4077 2162 4147 discenda
2180 4081 2239 4140 suat

243 4189 455 4259 societatem.
501 4179 549 4252 Ut
564 4193 681 4250 autem
697 4191 769 4249 tota
788 4179 936 4248 societas
951 4177 1030 4245 ideo
1049 4175 1236 4268 praecipue
1285 4167 1388 4236 initia
1411 4167 1612 4256 doctrinae,
1638 4191 1735 4239 nunc
1752 4175 1895 4243 accendi
1914 4177 2031 4248 lucem
2049 4195 2082 4250 et
2101 4175 2238 4250 iusticiam

242 4289 527 4367 necessat-laert,
552 4280 677 4352 otalii
701 4281 855 4349 aliosde
880 4277 976 4361 Deo,
1002 4294 1036 4347 et
1061 4280 1105 4348 de
1130 4282 1235 4347 rebus
1285 4283 1462 4338 aeternam
1490 4283 1638 4359 oportet.
1697 4271 1750 4341 Ne
1782 4291 1961 4367 expectato
1995 4283 2168 4353 coelestem
2192 4271 2238 4346 Dei

240 4393 348 4464 bonis
370 4391 535 4470 doceant,
563 4385 611 4453 ita
635 4382 821 4474 praecipue
844 4381 1060 4452 necessariae
1077 4403 1131 4450 res
1152 4393 1235 4448 sunt
1286 4371 1590 4450 cousuetudinem,
1618 4373 1688 4442 nisi
1704 4374 1742 4442 io
1762 4371 1827 4446 bac
1844 4379 1915 4450 vita
1930 4384 2072 4456 mortali
2089 4399 2237 4476 praepara·

242 4493 416 4568 sermoni,
437 4485 731 4568 communicatio,
758 4501 789 4555 et
811 4484 964 4555 oratoria
988 4483 1235 4560 instrumenta,
1285 4490 1341 4544 tus
1359 4479 1403 4542 ad
1420 4471 1535 4543 Deum
1551 4478 1713 4556 accedas,
1740 4471 1798 4548 bic
1814 4464 1903 4550 ordo
1924 4483 2108 4556 institutus
2125 4499 2170 4555 est
2190 4475 2237 4546 ¹¹¹5·

243 4596 366 4690 quain
393 4617 430 4664 rc
452 4591 556 4660 etiam
577 4583 645 4656 boc
668 4589 915 4656 admirandum
941 4599 1009 4668 est,
1035 4582 1134 4654 cordi
1156 4597 1237 4653 tan-
1285 4581 1397 4645 'cando
1424 4576 1534 4666 ipsius
1557 4577 1718 4649 consiliu.
1774 4577 1857 4652 ldeo
1882 4586 1925 4654 ad
1951 4588 2138 4658 nosblium
2162 4577 2238 4657 misit

244 4723 350 4792 quam
370 4697 440 4784 regi
459 4693 663 4762 adiunctum
681 4711 752 4760 esse
768 4703 954 4760 oratorem.
1178 4771 1181 4778 ι
1285 4692 1319 4747 et
1334 4679 1476 4770 quidem
1492 4679 1600 4748 simili
1620 4694 1746 4752 natura
1762 4687 1944 4774 copulata,
1971 4689 2053 4760 ideo
2068 4689 2105 4758 in
2120 4683 2176 4756 bac
2187 4681 2236 4748 vill

346 4797 442 4868 Haec
469 4797 513 4864 dc
540 4791 746 4862 discrimine
779 4791 958 4861 canalium
983 4811 1065 4858 vera
1089 4803 1123 4858 et
1151 4802 1234 4859 nota
1285 4781 1363 4852 vult
1379 4781 1496 4850 doceri
1520 4777 1699 4851 homines:
1729 4781 1813 4856 ideo
1828 4788 1931 4858 datus
1955 4806 2006 4862 est
2029 4813 2152 4874 serino,
2173 4781 2236 4854 etin

244 4917 347 4988 sunt,
373 4903 436 4969 nec
453 4897 548 4966 aliod
567 4893 667 4964 Plato
684 4894 799 4964 sentit.
1285 4909 1435 4974 corpore
1447 4885 1599 4954 oratoria
1617 4909 1747 4975 organa
1763 4889 1905 4960 condita
1922 4887 2017 4963 sunt.
2056 4889 2136 4962 Ideo
2151 4893 2236 4960 servat

345 5001 420 5073 Cur
443 4999 552 5088 igitur
576 5009 697 5087 potum
715 4995 878 5065 attribuit
899 4990 1084 5064 tracheae?
1108 4994 1235 5063 fortas·
1285 5000 1318 5056 ct
1340 5000 1543 5058 servaturus
1561 4999 1613 5056 est
1636 4989 1674 5056 in
1703 5011 1830 5078 genere
1857 4986 2014 5065 humano
2037 4989 2236 5062 ministeriun

244 5109 292 5178 sis
315 5121 448 5198 partem
468 5101 647 5181 attribuit,
670 5100 752 5192 qnia
774 5114 867 5166 certe
891 5119 1030 5167 neccsse
1053 5109 1106 5165 est
1127 5095 1235 5183 rigari
1285 5086 1482 5177 Evangelii.
1527 5087 1609 5158 Non
1626 5089 1734 5178 igitur
1745 5094 2163 5185 repugnemusvulunlali
2179 5083 2236 5164 Πάν

241 5209 462 5304 pulmonem,
478 5203 579 5273 cuitrs
594 5201 758 5270 arelactio
776 5199 925 5269 exitialis
941 5215 992 5272 est
1006 5199 1109 5268 vitae.
1143 5197 1234 5267 Cum
1283 5196 1344 5262 aed
1357 5192 1617 5260 statimavitae
1631 5190 1931 5270 initiocoetestem
1945 5199 2135 5270 doctrinam
2149 5193 2236 5264 ditet·

243 5311 360 5382 mtrem
384 5303 471 5376 baec
485 5303 643 5399 qrtaestio
659 5303 766 5391 digua
789 5303 834 5370 sit
853 5301 1093 5390 disputatione
1113 5300 1236 5368 erudi·
1275 5317 1382 5378 mus,
1408 5305 1440 5362 el
1467 5307 1542 5362 toto
1564 5292 1657 5362 vitae
1679 5297 1797 5387 spacio
1823 5323 1898 5370 ram
1914 5302 2145 5384 meditemur,
2172 5287 2235 5364 etei

243 5427 381 5498 torum,
405 5425 438 5480 et
456 5411 610 5500 prolecto
626 5403 820 5474 necessaria
842 5403 887 5472 sit
911 5398 1050 5474 flumini
1072 5403 1235 5473 conside-
1283 5397 1429 5468 obedire
1447 5393 1669 5486 incipiamus·
