4686 6172
84 267 155 344 oss
434 235 437 240 ’
567 263 877 360 aanooura
903 263 978 344 ur
1009 257 1242 340 anavus
1276 255 1628 337 conciones.
2042 261 2118 340 sao

71 487 74 492 ·
98 443 163 516 No.
185 443 242 512 10.
905 471 956 512 ιιι.
983 445 1078 510 1534.
1127 437 1248 506 animo
1270 451 1367 526 opto.
1420 434 1510 504 Nam
1535 461 1604 530 quo
1624 435 1735 527 magis
1756 435 1858 506 illnm
1880 449 2024 529 propter
2045 439 2120 506 eri-

90 539 261 570 Μ
884 537 1072 590 ’Ν
1127 539 1234 608 miam
1252 539 1363 630 ipsius
1380 539 1575 609 bonitatem
1591 541 1718 619 amavi,
1744 563 1786 608 eo
1802 551 1835 608 et
1853 553 1886 608 te
1900 539 2012 630 magis
2028 563 2119 626 amo,

150 639 224 712 iiis
237 636 729 708 slepa..1traat·ttocettmetnlttts
744 640 801 694 rto.
814 638 913 694 ffli-
1127 665 1167 711 ac
1187 664 1312 732 precor
1333 643 1499 710 omnibns
1516 642 1625 722 votis,
1653 655 1694 712 nt
1710 635 1874 711 Christus
1896 653 1929 712 te
1950 655 2064 712 servet
2085 655 2120 713 ct

82 799 335 896 Philippus
366 799 645 874 Melootboo
677 799 729 872 ad
757 799 999 874 scholasticos
1033 802 1076 870 io
1126 741 1731 934 :ifflg'fgiissffigffiffirffir'm
1751 743 1916 835 ³⁰⁸pi⁰ii⁸
1936 744 2008 816 ”¹5⁸
2033 738 2118 815 ,Μ

287 907 576 978 “mimum
588 907 674 976 Μ’.
690 907 873 976 mim·
1178 939 1532 1044 AdScitoiosticos.]
1571 947 1642 1016 Vos
1657 971 1799 1042 qnoque
1813 945 2039 1018 scholasticos
2055 950 2119 1018 ad-

81 1037 216 1145 Nuper
230 1051 432 1137 audivistis,
459 1053 554 1146 quod
570 1053 723 1121 faustum
737 1051 913 1143 loelixquc
929 1043 993 1128 sit,
1020 1069 1077 1116 re·
1126 1043 1268 1133 hortor,
1294 1063 1333 1118 ut
1356 1075 1436 1119 cum
1454 1051 1580 1120 videtis
1605 1050 1783 1141 principes
1804 1049 1901 1120 viros
1923 1045 2118 1120 honorifice

81 1155 247 1224 nunciati
266 1153 454 1225 Rectorem
475 1153 650 1224 illustrem
674 1153 869 1244 principem
893 1146 1075 1220 ioannem
1125 1156 1169 1221 de
1191 1151 1318 1221 studiis
1342 1153 1490 1236 sentire,
1516 1153 1675 1243 cogitetis
1690 1152 1791 1220 vobis
1806 1175 1947 1246 quoqne
1963 1151 2119 1244 Reipub.

83 1253 647 1340 Ernesttrm,SaroniaeDucem,
666 1250 1076 1343 LandgraviumTurin-
1125 1277 1228 1324 causa
1261 1257 1373 1344 magis
1406 1255 1576 1324 amandas
1609 1269 1641 1326 ct
1675 1255 1840 1324 colendas
1873 1279 1946 1324 esse
1980 1255 2117 1340 literase,

82 1353 474 1449 giacctMarchionem
491 1356 657 1430 Misniae.
710 1353 1078 1445 Quareutintellige-
1125 1355 1319 1448 plurimum
1341 1357 1436 1426 enim
1461 1353 1615 1447 Reipub.
1641 1359 1803 1437 interest,
1837 1357 1953 1450 qualis
1975 1357 2019 1426 ad
2041 1379 2117 1426 eam

82 1476 171 1532 runt
193 1485 318 1532 omnes
340 1483 514 1532 summam
538 1445 973 1549 essevoiuiatatemipsius
995 1462 1076 1546 erga
1124 1460 1392 1545 gubernandam
1430 1460 1591 1528 doctrina
1626 1459 1804 1530 afferatur.
1868 1455 1917 1530 Et
1948 1458 2117 1551 quoniam

80 1558 223 1648 liter‘as,
257 1587 353 1632 nunc
375 1564 516 1653 publice
539 1562 697 1631 delatum
725 1555 896 1630 honorem
924 1558 1076 1628 illustris
1125 1560 1294 1650 Princeps
1320 1561 1392 1652 ipse
1414 1555 1663 1632 scholasticum
1683 1561 1926 1650 magistratum
1943 1561 2052 1650 gerit,
2078 1573 2120 1630 ut

80 1666 251 1758 princeps
271 1667 429 1756 accipere
455 1663 619 1734 decrevit.
676 1661 725 1734 Ut
748 1664 897 1756 quisque
921 1661 1077 1754 optimus
1125 1669 1271 1732 testetur
1286 1685 1321 1730 se
1337 1659 1474 1732 bonore
1489 1663 1625 1733 aiiiccre
1641 1665 1771 1747 literas,
1797 1686 1860 1732 vor
1874 1685 2015 1756 quoque
2031 1661 2118 1732 dili·

78 1769 249 1861 princeps
273 1769 339 1838 luit
357 1779 393 1835 ct
414 1765 564 1835 maxime
586 1765 749 1835 salutaris
769 1760 927 1834 humano
945 1763 1076 1853 generi,
1123 1765 1262 1864 gentius
1289 1759 1544 1854 obtemperate,
1581 1781 1681 1836 nect
1711 1765 1907 1858 principem
1936 1777 1971 1835 et
1999 1765 2120 1850 literas

79 1872 131 1940 ita
150 1865 245 1939 hanc
262 1892 383 1938 curam
401 1868 495 1938 inter
509 1867 715 1958 praecipuos
732 1867 833 1936 duxit
850 1863 1025 1936 excitandi
1042 1877 1076 1935 et
1125 1881 1353 1936 contemnere
1385 1867 1592 1940 videamini.
1647 1866 1769 1936 Vestra
1806 1866 1976 1937 modestia
2011 1865 2117 1938 etiam

78 1972 238 2044 ornandi
280 1969 396 2038 studia
435 1969 631 2042 literarum.
692 1967 941 2058 intelligebant
981 1967 1075 2038 enim
1124 1969 1266 2057 augebit
1305 1967 1343 2037 in
1376 1965 1605 2060 Principibus
1638 1993 1795 2041 amorem
1833 1991 1913 2058 erga
1950 1963 2118 2039 honestas

73 2087 257 2171 qnantum
278 2069 493 2162 praesidium
520 2084 554 2143 ct
577 2086 825 2142 ornamentum
848 2069 894 2141 sit
915 2070 1075 2140 doctrina
1125 2071 1341 2163 disciplinas.

70 2180 168 2249 vitae
190 2169 383 2244 humanae.
428 2171 863 2266 Namneque‘rcligiones,
888 2195 1003 2266 neque
1018 2171 1076 2244 iu-
1317 2185 1326 2196 ‘

66 2281 169 2355 sticia
212 2278 250 2345 in
277 2274 454 2365 imperiis,
490 2299 604 2366 neque
636 2270 840 2344 immanitas
866 2274 905 2344 in
928 2272 1075 2366 privatis

71 2384 245 2456 moribus
273 2377 347 2444 sina
361 2376 473 2444 literis
488 2376 634 2445 retineri
657 2389 817 2468 possunt.
859 2375 929 2448 Sed
948 2375 1075 2468 depul-
1139 2409 1209 2484 No·
1228 2412 1287 2484 11·
1802 2437 1805 2444 ,
1927 2417 1980 2498 (m
2008 2417 2118 2500 1534.)

78 2487 128 2557 sis
145 2479 204 2552 itis
218 2476 362 2560 studiis,
388 2501 528 2546 necesse
551 2494 601 2550 est
619 2479 855 2580 containinari
877 2477 1076 2566 religiones,
1131 2507 1305 2536 «νυ
1938 2469 2112 2540 ,ὲν-υ

77 2587 231 2657 existere
242 2578 468 2673 thstssnfflffl
484 2579 520 2646 in
536 2581 740 2669 potentibus
753 2591 787 2648 et
802 2579 976 2646 infinitam
993 2579 1077 2646 bar·
1194 2611 1217 2682 †
1234 2609 1270 2662 a.
1284 2607 1469 2664 massanus.
1483 2627 1565 2664 manu
1580 2609 1690 2680 scapo.
1704 2608 1980 2680 stemmataclara
1993 2609 2118 2669 stottona

78 2686 219 2760 bariem
247 2682 283 2748 in
307 2681 464 2769 privatis.
516 2678 638 2774 ltaque
659 2703 821 2770 magnam
844 2681 985 2749 landem
1003 2703 1076 2748 me-
1229 2677 1659 2750 G⁰¹¹¹·⁶⁰⁴i·¹i⁰·²⁴⁰·t²·⁷²⁵·

77 2779 548 2864 rentcerocesSaxoniae,
573 2805 726 2877 quorum
746 2777 915 2852 hactenus
934 2781 1076 2850 luiter—
1296 2845 1304 2861 ,
1500 2843 1508 2860 ,
1647 2843 1656 2861 ,
1842 2844 1850 2862 ,

76 2893 214 2964 ocilens
238 2885 274 2954 in
299 2884 411 2954 literis
436 2886 578 2953 tuendis
598 2901 702 2979 atque
725 2885 891 2954 iuvandis
906 2867 1087 2954 studium.'
1125 2835 1326 2936 misam
1351 2846 1443 2911 “m
1468 2837 1768 2961 d²fp¹⁴m⁸⁰mm
1794 2837 2027 2940 'mmm
2047 2837 2118 2914 Μ’

76 2995 179 3066 Haec
196 2985 386 3057 domestica
404 2988 560 3076 exempla
573 2981 763 3058 hortantur
778 3001 812 3058 et
828 2983 924 3056 bunc
940 2983 1075 3056 Ducem
1486 2937 1574 3016 ⁶⁸¹⁰·
1627 2943 1677 3014 φ’
1701 2945 1760 3018 Μ·
2078 3065 2092 3084 x

78 3095 269 3170 Ioannem
296 3083 520 3172 Ernestum,
556 3103 598 3159 ut
621 3091 690 3160 iam
714 3113 733 3158 a
758 3089 888 3158 teneris
910 3088 1021 3158 discat
1042 3101 1076 3158 et
1127 3081 1210 3165 Etsi
1228 3115 1332 3160 nemo
1350 3091 1508 3180 ignorat,
1534 3113 1600 3162 nos
1618 3085 1834 3164 authoritate
1848 3105 2116 3188 praeceptorum

74 3196 301 3283 intelligere,
328 3193 422 3284 qnod
445 3191 659 3261 necessariae
679 3191 750 3260 sint
765 3189 919 3282 Reipub.
942 3191 1077 3276 literae,
1127 3193 1224 3285 cogi,
1257 3207 1298 3263 ut
1318 3195 1356 3262 in
1379 3189 1474 3263 bunc
1504 3189 1621 3265 locur'n
1646 3197 1875 3286 prodeamus,
1908 3209 2027 3268 tamen
2049 3189 2118 3265 boc

70 3318 111 3375 et
134 3323 195 3371 eas
223 3289 358 3362 bonore
374 3293 523 3365 afficere.
576 3291 694 3386 litque
710 3295 905 3384 optandum
929 3305 1003 3362 erat
1020 3315 1077 3360 re·
1127 3297 1317 3366 verecundi
1340 3295 1472 3385 ingenii
1490 3308 1558 3381 est,
1585 3310 1702 3388 petere
1719 3321 1737 3368 a
1754 3297 1875 3384 vobis,
1898 3323 1944 3368 ne
1959 3321 2059 3368 secus
2073 3298 2118 3366 dc

71 3409 143 3476 bns
169 3396 362 3478 humanis,
386 3389 479 3465 hanc
498 3396 705 3487 opinionem
723 3395 929 3466 instillatam
955 3408 990 3464 ct
1018 3394 1077 3464 in·
1126 3411 1248 3468 nostro
1269 3397 1419 3468 consilio
1442 3397 1615 3468 iudicetis.
1665 3396 1769 3490 Rogo
1789 3399 1898 3490 igitur
1922 3400 2044 3484 initio,
2071 3421 2117 3468 ne

70 3511 179 3580 fixam
196 3523 277 3570 esse
289 3497 457 3567 omnibus
472 3498 694 3589 principibus
707 3497 752 3568 ab
768 3497 913 3568 ineunte
927 3510 1050 3568 aetate.
1127 3525 1182 3570 me
1199 3501 1332 3589 ingenii
1349 3499 1475 3570 fiducia
1497 3502 1557 3570 sed
1575 3501 1692 3570 oliicio
1705 3503 1896 3572 adductum
1914 3501 2119 3574 existimetis

177 3593 501 3698 AdPrincipem.]
555 3598 641 3670 Tibi
660 3601 778 3694 itaque
798 3598 950 3670 illustris
975 3597 1076 3690 prin·
1126 3606 1169 3672 ad
1189 3597 1281 3671 banc
1304 3622 1489 3694 personam
1513 3601 1784 3696 suscipiendam.
1835 3603 1927 3674 Nam
1942 3627 2005 3694 ego
2023 3598 2117 3674 banc

67 3735 153 3808 ceps
171 3706 338 3802 primum
354 3715 451 3794 opto,
477 3717 516 3773 ut
531 3701 628 3773 Deus
643 3698 731 3794 Opt.
749 3699 844 3774 Max.
863 3718 897 3774 tc
913 3715 1025 3772 servet
1043 3713 1076 3768 et
1126 3706 1174 3774 ob
1186 3727 1324 3774 causam
1342 3705 1479 3773 facilins
1495 3703 1599 3774 etiam
1615 3729 1750 3774 morem
1775 3707 1862 3795 gessi
1879 3705 2116 3799 praeceptori-

66 3813 256 3892 concedat
272 3803 358 3889 tibi,
384 3819 423 3874 ut
447 3805 601 3896 patrium
626 3802 802 3876 Ducatum
828 3803 1001 3874 iociiciter
1024 3817 1073 3872 te-
1127 3809 1211 3889 bus,
1238 3821 1277 3876 ut
1299 3807 1554 3896 intelligerent,
1578 3831 1635 3875 me
1659 3808 1823 3878 lubenter
1837 3808 1999 3880 conferre
2016 3805 2117 3902 quasi

69 3943 158 3994 neas
183 3928 225 3984 ct
249 3929 358 3996 regas.
420 3904 530 4000 idque
551 3931 627 3976 mea
652 3930 738 3976 voce
760 3919 854 3976 totus
878 3901 936 3975 iric
957 3915 1077 3973 coetos
1126 3909 1322 4003 symbolam
1350 3911 1393 3978 ad
1422 3909 1712 3978 consuetudinem
1742 3910 1947 4002 disputandi
1976 3933 2117 3980 conser—
2239 3915 2243 3923 '

69 4011 381 4097 Doctissimorum
411 4022 516 4101 atque
547 4009 762 4099 optimorum
800 4008 956 4076 virorum
989 4003 1076 4075 iilo·
1126 4013 1290 4096 vandam,
1315 4012 1409 4104 quod
1428 4013 1563 4080 utinam
1580 4012 1852 4082 iacerentetiam
1866 4011 1994 4105 reliqui
2012 4007 2116 4081 scho-

71 4122 259 4196 strissirno
295 4111 445 4201 principi
477 4111 574 4182 fratri
614 4125 695 4190 tuo,
731 4123 765 4180 et
798 4110 862 4178 tibi
899 4125 1074 4196 precatur.
1127 4111 1259 4184 lastici!
1289 4111 2118 4206 Saepiusanimandiremuscosdisserentcsde

67 4226 220 4302 Deinde
235 4213 314 4284 ¹tibi
333 4213 461 4300 gratias
478 4237 560 4302 ago,
585 4215 682 4306 qnod
706 4225 863 4302 suscepto
884 4209 912 4284 ἰ.
932 4239 948 4282 c
973 4205 1076 4278 scho-
1126 4217 1232 4284 rebus
1247 4215 1409 4284 maximis
1425 4229 1466 4285 et·
1482 4217 1523 4286 ad
1541 4215 1650 4285 vitam
1671 4216 1889 4296 utilissimis,
1916 4239 1980 4286 nos
1995 4215 2033 4284 in
2050 4209 2117 4284 irac

60 4331 203 4402 ‚lastico
233 4315 371 4388 bonore
394 4315 695 4386 benevolentiam
716 4329 811 4384 trram
845 4337 925 4403 erga
960 4314 1075 4384 stmlia
1126 4317 1247 4386 iabula
1262 4331 1400 4385 nostras
1417 4331 1532 4410 partes
1547 4343 1619 4388 non
1635 4331 1707 4388 tam
1724 4319 1904 4389 fastidiose
1919 4318 2115 4410 suscipere-

69 4433 265 4506 declaras,
292 4431 396 4510 teque
417 4417 563 4502 iterum,
589 4419 684 4511 quod
702 4417 877 4499 faustum,
899 4415 1076 4508 foelixqoe
1127 4441 1215 4488 mus.
1273 4413 1426 4503 Errant,
1460 4420 1578 4514 inquit
1611 4419 1819 4489 muliercula
1851 4419 1891 4488 in
1921 4418 2115 4498 comoedia,

67 4539 138 4622 sit,
164 4529 361 4602 Rectorem
384 4513 489 4590 huius
506 4519 716 4590 Academiae
738 4519 928 4600 renuncio,
954 4543 993 4588 ac
1009 4516 1075 4588 tibi
1126 4521 1186 4616 qui
1203 4515 1335 4589 invitos
1353 4545 1455 4590 canes
1471 4523 1515 4590 ad
1534 4523 1735 4592 venandum
1752 4523 1898 4595 ducunt.
1940 4519 1992 4594 ita
2008 4521 2114 4590 ctiam

66 4641 178 4729 ‚tgna
193 4623 424 4712 magistratus
438 4625 538 4692 trado
553 4635 587 4694 et
609 4618 693 4693 haec
708 4633 827 4692 nostra
845 4621 960 4690 studia
979 4643 1076 4689 com-
1126 4635 1366 4714 praeceptores
1381 4623 1550 4712 gravatim
1567 4621 1767 4713 disputant,
1792 4637 1977 4716 postquam
1993 4623 2117 4693 vident

65 4737 225 4816 mendo.
279 4721 362 4796 Erit
387 4725 482 4792 enim
513 4725 579 4794 tibi
612 4719 847 4794 honorificum
875 4737 908 4794 te
934 4745 1075 4816 quoquc
1125 4747 1191 4794 nos
1218 4747 1318 4816 aegre
1344 4725 1489 4816 perpelli
1517 4747 1635 4818 posse,
1659 4723 2115 4796 utnostrumoificiumia·

66 4846 292 4937 ‚equentem
310 4826 547 4898 laudatissima
562 4827 718 4917 exempla
740 4825 914 4898 maiorum
930 4837 1073 4894 tuorum
1125 4826 1270 4900 ciamus.
1322 4821 1398 4918 Ego
1420 4828 1538 4920 itaque
1559 4849 1673 4898 meam
1698 4827 1735 4896 in
1757 4822 1823 4896 bac
1843 4849 1882 4896 re
1910 4827 2114 4898 facilitatem

64 4963 198 5020 ,mm
226 4943 265 5002 et
288 4929 448 4998 venerari
472 4927 656 4998 literarum
683 4927 812 5002 studia.
864 4924 1075 5011 Meministi,
1125 4928 1176 4998 eis
1195 4949 1409 5019 magnopere
1423 4928 1521 4997 volui
1545 4927 1701 5018 probari.
1755 4925 1905 4999 interest
1924 4927 2020 4998 enim
2043 4927 2116 5000 rci-

65 5069 184 5144 qnam
207 5031 343 5108 luerint
366 5031 500 5128 optimo
522 5029 683 5120 principi.
695 5030 785 5122 patri
803 5043 864 5100 tuo
879 5027 1074 5101 familiaris.
1124 5031 1287 5122 publicae
1302 5029 1501 5100 conservari
1518 5029 1723 5122 disputandi
1739 5053 1885 5115 morem,
1910 5029 2113 5122 pracsertim
2218 5104 2223 5112 ,

63 5152 204 5244 ltaque
232 5159 308 5206 non
334 5133 458 5202 dubito
481 5145 514 5202 te
538 5133 674 5225 paterni
700 5129 850 5222 exempli
871 5132 1074 5204 admonere.
1124 5154 1204 5202 cum
1224 5131 1261 5201 in
1278 5126 1334 5200 iris
1353 5131 1606 5203 certaminibus
1624 5153 1680 5201 res
1700 5133 1855 5224 optimae
1871 5145 1976 5226 atque
1996 5133 2114 5204 utilis-

62 5253 194 5328 Erant
219 5242 262 5310 in
287 5261 328 5306 co
351 5259 431 5306 cum
448 5235 536 5302 aliae
552 5233 699 5304 virtutes
717 5235 814 5302 bono
835 5245 869 5302 et
892 5233 1073 5302 moderato
1124 5233 1234 5304 simae
1254 5245 1288 5305 ct
1309 5233 1457 5324 agitatae
1474 5247 1510 5304 rt
1532 5233 1722 5326 explicatae
1738 5235 1820 5307 sint.
1873 5231 2114 5305 inofficiosum

61 5347 248 5454 princ'ipe
268 5339 414 5430 dignae,
440 5349 515 5406 tom
534 5335 658 5406 eximia
682 5337 853 5430 quaedam
877 5333 1072 5404 reverentia
1124 5347 1240 5405 autem
1256 5348 1320 5423 cst,
1346 5359 1425 5406 cum
1441 5335 1611 5406 maximas
1626 5336 1795 5406 utilitates
1811 5329 1897 5405 irinc
1914 5337 2115 5407 auferamus

60 5481 153 5551 ,Ψ
178 5449 320 5520 literas.
371 5437 478 5508 Hunc
498 5452 538 5510 ut
556 5437 730 5511 foeliciter
748 5437 915 5524 imiteris,
940 5434 1007 5506 tibi
1032 5459 1073 5506 ex
1122 5437 1431 5533 pleriqntomncs,
1455 5461 1530 5509 non
1546 5438 1707 5508 conicrre
1721 5437 1876 5508 vicissim
1889 5461 2052 5532 operam.
2075 5453 2113 5512 ut
