4666 6170
210 273 290 348 sss
570 253 834 336 scurera
871 249 945 330 an
979 247 1176 326 vrrau
1207 247 1282 328 nr
1316 251 1560 350 onrrnu,
1594 254 1895 337 uanauru.
2177 251 2253 328 eat

215 447 297 514 dem
322 433 460 530 generis
490 447 525 504 et
546 431 748 524 perdicibus
775 428 912 522 aliquot
940 425 1207 498 illustrissimus
1232 435 1237 464 ¹
1262 455 1302 500 ex
1318 430 1360 500 iis
1375 454 1464 525 quae
1480 429 1541 500 illa
1557 430 1616 500 die
1639 429 1833 503 acciderint
1855 430 1893 502 in
1915 426 2122 500 memoriam
2146 426 2252 498 nobis

217 544 389 632 Princeps
406 534 625 610 Anhaltiuus
643 529 844 604 loachimus
862 545 927 602 etc.
950 554 991 600 ex
1010 530 1140 600 vicinia
1163 530 1211 600 ad
1263 529 1332 605 hoc
1371 548 1527 626 tempore
1569 559 1734 606 revocare
1774 532 1966 628 potuimus.
2025 527 2256 604 postridiana

219 672 301 720 eum
327 644 489 724 miserat,
525 663 605 708 cum
632 638 677 706 de
707 635 834 705 morbo
869 633 944 703 eius
977 632 1211 726 cognovisset,
1263 638 1442 730 quaeiuit
1469 637 1604 708 decima
1630 639 1779 726 septima
1801 636 1970 710 Calendis
1996 633 2104 719 Maii,
2137 635 2172 706 id
2201 647 2256 704 est

219 771 327 844 quem
352 745 514 814 dolenter
535 739 684 818 terebat,
710 749 751 808 ut
767 749 918 806 mortem
939 749 1059 826 postea
1085 735 1213 805 dolen·
1264 741 1398 809 decima
1416 739 1541 834 quinta
1557 739 1693 831 Aprilis
1716 765 1796 810 cum
1821 742 2087 830 praecedentem
2114 749 2257 806 noctem

222 850 374 931 llssslmssr
399 846 536 938 filiique
553 843 591 910 5¹¹
610 835 677 910 h⁰⁰
692 861 823 930 deflere
835 851 972 908 1¹1³ssst
989 861 1145 930 ”mttere
1162 837 1213 906 sic
1264 837 1492 912 mediocriter
1508 845 1728 912 commodam
1745 836 1945 920 habuisset,
1974 854 2008 912 et
2030 839 2261 910 dormivisset

165 973 168 982 ’
221 968 300 1027 tum
313 949 465 1019 maxime
483 967 563 1033 erga
579 945 694 1036 ipsum
713 939 931 1033 perbesslgssa
951 953 986 1010 et
1010 940 1115 1031 plone
1135 939 1216 1010 olli·
1265 945 1367 1028 satis,
1392 967 1497 1014 mane
1521 949 1565 1013 ad
1593 967 1717 1035 operas
1741 945 1895 1036 privatas
1919 941 2151 1034 scriptionum
2174 964 2261 1010 sua-

224 1058 318 1126 ciosa
334 1047 441 1120 huius
458 1046 608 1118 viciniae
626 1044 805 1118 nobilitas.
848 1039 901 1110 De
918 1041 981 1112 illo
997 1043 1107 1131 igitur
1121 1041 1214 1131 gallo
1266 1072 1345 1118 rum
1361 1069 1523 1116 reversus
1541 1060 1610 1132 est,
1637 1070 1719 1115 nam
1737 1049 1781 1116 ad
1803 1046 1962 1138 publicas
1985 1067 2030 1114 ne
2045 1045 2262 1114 descendere

223 1155 388 1250 gustabat
410 1167 486 1222 lum
507 1148 664 1242 aliquid,
699 1159 735 1216 tl
763 1147 806 1214 de
842 1144 967 1236 prunis
998 1144 1126 1224 cottis,
1153 1143 1215 1212 sed
1266 1151 1390 1230 vellet,
1418 1149 1612 1218 amicorum
1637 1148 1800 1240 precibus
1819 1149 1962 1218 tandem
1987 1169 2059 1216 ase
2075 1140 2263 1236 impetrari

227 1280 344 1352 neque
360 1253 511 1324 multum
530 1274 645 1342 neque
668 1247 806 1338 cupide.
860 1241 1088 1316 Afferebatur
1110 1247 1216 1316 etiam
1267 1252 1532 1342 passusluerat.
1585 1249 1642 1322 Ad
1660 1244 1752 1320 hanc
1775 1251 1869 1319 diem
1892 1273 1972 1322 cum
1998 1247 2164 1340 periodus
2187 1259 2262 1316 ter-

224 1363 259 1432 θῖ
277 1355 568 1428 Vlssssmfflbfflm
583 1349 790 1435 Remum,
817 1349 913 1443 quod
932 1347 1218 1437 V⁰¹ss⁰fl³imill·
1267 1355 1361 1422 tiana
1389 1366 1621 1433 metueretur,
1656 1353 1845 1444 prandium
1875 1351 1906 1422 ei
1930 1363 2091 1443 paratum
2116 1361 2168 1419 est
2194 1347 2265 1416 ali-

226 1463 353 1535 tndlne
371 1455 520 1540 coloris.
542 1479 648 1548 quam
673 1447 780 1521 hahet
796 1453 884 1544 pede
902 1451 1068 1520 anserino
1084 1471 1218 1538 cogno·
1268 1469 1401 1549 quanto
1429 1456 1620 1535 maturius,
1655 1455 1717 1524 sed
1744 1455 1857 1526 serius
1884 1467 2024 1538 tamen,
2055 1475 2139 1520 nam
2165 1449 2264 1519 inter

228 1565 405 1645 minatur,
428 1573 462 1630 el
486 1555 666 1629 D⁰¹¹¹l¹¹¹¹⁵
690 1548 878 1644 Philippus
901 1551 1082 1642 duplicato
1106 1551 1218 1620 verbo
1270 1560 1516 1649 prandendum
1532 1581 1612 1626 eum
1631 1555 1758 1626 invasit
1774 1570 1851 1648 post
1868 1551 1993 1626 horam
2011 1552 2266 1626 antemeridia-

228 1689 354 1758 graeco
373 1686 434 1754 per
451 1662 567 1729 iocum
582 1649 775 1752 χηνόποδα
790 1653 968 1744 appellare
982 1654 1135 1737 solebat,
1152 1648 1219 1722 hoc
1270 1685 1354 1728 nam
1369 1683 1519 1738 ironam,
1547 1658 1664 1751 itaque
1681 1660 1726 1726 de
1748 1681 1868 1728 mensa
1891 1659 1929 1726 iu
1946 1657 2115 1728 lectulum
2132 1669 2183 1724 est
2198 1655 2267 1724 ab·

189 1763 192 1773 ’
216 1783 307 1868 'tum
321 1765 464 1836 suavius
481 1761 665 1842 utebatur,
688 1770 724 1827 et
749 1757 818 1827 sibi
834 1779 957 1847 sapere
984 1756 1141 1838 dicebat,
1167 1767 1221 1824 at-

1270 1765 1418 1845 ductus,
1470 1757 1671 1854 Antequam
1700 1763 1744 1829 ad
1779 1760 1969 1853 prandium
2006 1759 2188 1828 descendit
2205 1752 2267 1842 ¹¹),

229 1863 604 1966 quatuodsbacetiam
623 1861 828 1930 admodum·
878 1855 957 1929 Etsi
980 1871 1098 1928 autem
1126 1852 1236 1928 hita.
1272 1889 1353 1933 curn
1370 1865 1438 1932 alia
1455 1863 1773 1940 commemorabat,
1794 1877 1834 1932 ut
1851 1864 2003 1932 libenter
2024 1883 2061 1930 se
2087 1855 2171 1930 hinc
2195 1859 2267 1926 mi-

230 1995 306 2044 rem
323 1993 359 2040 se
372 1962 576 2048 exhibebat,
603 1976 637 2033 et
651 1987 730 2032 rum
749 1959 870 2031 amicis
886 1959 1130 2050 praesentibus
1147 1958 1223 2028 col-

230 2073 353 2167 loquia
376 2066 530 2140 habebat
558 2065 699 2146 suavia,
738 2064 890 2153 languor
921 2076 1041 2132 tamen
1073 2083 1223 2150 magnus

232 2191 327 2259 erat,
341 2173 395 2242 ael
413 2168 638 2242 imbecillitas
655 2166 862 2257 potiusnon
881 2181 1006 2256 parva,
1027 2185 1117 2256 quae
1132 2185 1224 2254 pene

233 2279 273 2348 in
292 2288 472 2346 momenta
488 2269 704 2360 augescebat.
748 2264 802 2337 De
818 2290 938 2336 mensa
954 2275 1033 2334 'cum
1051 2263 1225 2362 surrexis-

235 2393 289 2454 set
303 2379 342 2446 in
359 2397 542 2446 musaeum
558 2369 734 2452 ascendit,
760 2365 882 2462 ibique
899 2369 937 2440 in
951 2367 1055 2438 sedili
1069 2367 1133 2436 illo
1149 2389 1226 2449 suo,

237 2481 344 2552 cuius
362 2480 432 2548 iam
448 2498 550 2566 saepe
574 2471 791 2542 mentionem
816 2471 984 2553 lecimus,
1009 2468 1144 2562 quievit
1159 2467 1226 2538 ali-

237 2581 454 2680 quantisper.
492 2575 615 2648 Postea
640 2595 786 2664 surgens
806 2575 855 2646 ad
863 2569 1087 2642 Borussiacas
1108 2570 1227 2641 literas

243 2685 372 2769 rediit,
398 2703 484 2776 quas
508 2701 612 2748 mane
636 2690 676 2746 ut
699 2676 853 2746 diximus
878 2674 1056 2746 luculente
1077 2667 1227 2742 inchoa·

236 2803 312 2874 rat,
341 2801 374 2858 et
397 2805 602 2875 quanquam
627 2793 703 2848 tum
721 2779 874 2848 addebat
896 2775 1075 2867 pluscula,
1106 2787 1226 2846 tamen

238 2892 299 2961 vis
322 2886 507 2958 dimidiam
533 2895 666 2975 partem
692 2875 820 2950 harum
847 2877 1075 2966 conficiebat,
1107 2883 1227 2968 'neque

238 2993 300 3062 illa
328 2991 385 3060 die
407 2985 588 3058 absolvere
611 3005 669 3052 eas
693 2981 820 3072 potuit.
870 2975 1033 3072 Cumque
1057 2979 1228 3066 defatiga-

239 3109 299 3167 tus
315 3090 501 3162 scribendo
526 3102 560 3156 et
578 3085 686 3172 valde·
705 3085 876 3172 languens
898 3081 937 3150 in
959 3082 1045 3150 cista
1070 3095 1150 3150 ante
1173 3081 1228 3150 fo-

240 3219 297 3268 res
312 3191 445 3264 musaei
462 3190 654 3270 assedisset,
669 3189 713 3256 de
723 3185 870 3256 domino
883 3185 1040 3255 Ductore
1053 3177 1080 3252 I
1078 3175 1226 3254 ohanne

241 3286 494 3390 Bugcuhagr'o
512 3285 697 3379 Theologo
713 3287 909 3358 clarissimo
927 3299 962 3356 et
987 3283 1133 3356 Pastore
1159 3279 1229 3354 Ec-

241 3400 367 3471 clesiae
382 3397 564 3490 quondam
587 3407 728 3463 nostrae
750 3389 975 3472 fidelissimo,
1001 3389 1064 3482 qui
1083 3386 1230 3458 biennio

239 3515 325 3572 aute
340 3512 501 3568 mortuus
515 3495 600 3576 luit,
618 3493 657 3562 in
675 3504 831 3564 mentem
847 3489 881 3558 ei
897 3490 1005 3570 venit,
1023 3492 1067 3560 de
1083 3486 1150 3560 hoc
1164 3488 1231 3577 igi-

243 3619 304 3678 tur
319 3601 522 3682 referebat:
538 3621 618 3668 eum
634 3619 707 3664 nun
723 3594 851 3664 morbo
867 3594 928 3662 sed
944 3606 1080 3662 tantum
1100 3591 1230 3660 virium

242 3705 383 3778 delectu
413 3715 614 3784 mortuum,
657 3697 803 3790 eiusque
836 3694 1081 3765 recordatione
1114 3707 1233 3762 motus

243 3805 393 3878 minime
409 3806 604 3894 optandum
623 3822 696 3870 esse
713 3799 871 3882 dicebat,
897 3821 938 3866 eo
956 3819 1067 3890 usque
1085 3793 1235 3888 produci

246 3911 357 3979 vitam
382 3907 568 3996 cuiquam,
596 3915 637 3974 ut
658 3902 738 3972 talis
753 3901 850 3971 fieret
870 3911 1026 3983 senecta,
1052 3899 1114 3991 qui
1129 3919 1235 3989 opera

245 4035 310 4084 sua
332 4005 504 4078 inservire
538 4005 674 4074 nemini
702 4003 854 4094 amplius
880 4013 1014 4090 posset,
1049 4017 1154 4093 atque
1188 4000 1236 4068 ita

247 4137 322 4185 non
343 4113 496 4182 obscure
518 4105 736 4198 significabat
758 4128 794 4174 se
818 4105 864 4174 ab
886 4098 953 4172 hoc
977 4101 1045 4172 sibi
1069 4116 1237 4184 metuere,

247 4216 402 4310 quodam
425 4211 532 4283 etiam
564 4207 857 4301 exsequentibus
881 4205 1026 4288 diebus,
1059 4201 1238 4276 audienti-

246 4320 315 4390 hus
338 4315 520 4408 pluribus,
545 4308 662 4383 Deum
685 4321 845 4401 precatus
868 4321 939 4391 est,
964 4321 1003 4377 ut
1026 4307 1056 4376 si
1079 4331 1160 4376 eum
1183 4305 1238 4375 vi·

249 4443 332 4490 vere
353 4419 391 4486 in
415 4415 518 4486 terris
543 4414 647 4484 vellet
677 4412 831 4492 diutius,
866 4409 1039 4480 eiusmodi
1062 4409 1180 4502 ’vitam
1207 4408 1239 4480 ei

249 4521 458 4611 largiretur,
484 4540 573 4610 quae
588 4516 667 4584 aliis
683 4514 764 4585 usui
781 4537 854 4584 esse
872 4527 903 4582 et
922 4513 960 4580 in
975 4535 1043 4604 qua
1060 4505 1238 4580 Ecclesiae

247 4619 403 4705 Christi,
417 4634 451 4688 ct
468 4614 676 4713 (studiis)¹⁰)
696 4615 891 4686 iuventutis
907 4613 1126 4684 institutioni
1141 4611 1242 4682 utili-

174 4803 178 4811 ,
249 4740 305 4799 ter
321 4721 490 4793 inservire
508 4733 633 4810 posset.
686 4715 804 4812 Atque
822 4711 886 4786 has
912 4739 1029 4806 preces
1053 4715 1241 4810 aliquoties

250 4829 355 4899 etiam
372 4822 537 4915 repetivit
558 4823 742 4912 deinceps,
766 4822 944 4889 metuebat
967 4819 1060 4887 enim
1085 4832 1126 4888 ut
1149 4817 1242 4886 dixi-

249 4951 329 5000 mus
343 4923 515 4998 hecticam
543 4923 731 4994 senectutis
750 4936 784 4992 et
798 4923 914 4994 tabem
941 4921 1102 5011 longam,
1125 4933 1165 4990 ut
1189 4921 1242 4989 ia-

251 5045 345 5110 ceret
359 5028 499 5103 telluris
514 5025 641 5097 inutile
660 5025 817 5119 pondus,
844 5025 907 5118 qui
921 5025 1001 5094 usui
1021 5037 1110 5094 esset
1127 5021 1242 5090 nerni-

250 5135 308 5217 ni‚
341 5133 604 5228 quodpropter
626 5127 785 5220 corporis
807 5127 919 5220 ipsius
943 5127 1156 5198 soliditatem
1182 5124 1244 5191 alii

249 5237 357 5309 ctiam
388 5233 586 5324 cumplures
618 5233 779 5304 [uturum
805 5229 1087 5322 suspicabantur.
1146 5223 1243 5295 Haec

249 5399 475 5419 ...ι--σ-ι-

289 5485 336 5546 to)
354 5483 455 5537 studiis
474 5479 552 5535 uncis
566 5477 683 5542 inclusi;
697 5477 774 5530 abest
785 5475 818 5528 ab
831 5473 895 5528 edit.
911 5475 935 5526 Ω.

1271 1979 1454 2056 gratarum
1479 1987 1569 2049 esse,
1595 1965 1624 2034 si
1651 1965 1699 2034 ita
1717 1963 1790 2034 Deo
1816 1965 2015 2050 videretur,
2049 1963 2267 2046 ostenderet,

1273 2082 1349 2138 tum
1380 2066 1629 2160 pronunciavit
1657 2061 1741 2136 hoc:
1793 2063 1910 2158 Cupio
1946 2064 2092 2136 dissolvi
2127 2077 2163 2136 et
2188 2085 2266 2134 esse

1275 2195 1354 2240 cum
1388 2165 1544 2240 Christo.
1609 2165 1775 2262 lnterque
1807 2163 1895 2238 haec
1928 2170 1973 2238 de
2007 2165 2264 2256 significatione

1275 2273 1373 2341 verbi
1390 2269 1532 2342 Paulini
1549 2293 1716 2363 quaerere
1737 2271 1868 2362 caepit,
1894 2272 2206 2362 demonstratoque
2229 2282 2265 2337 et

1275 2375 1420 2446 recitato
1439 2374 1517 2442 loco
1533 2395 1573 2442 ex
1589 2367 1749 2461 Epistola
1771 2375 1814 2440 ad
1834 2367 2097 2464 Philippenses:
2133 2369 2267 2442 ἐπιθυ-

1275 2471 1369 2570 μίαν
1384 2473 1480 2569 ἔχων
1500 2473 1551 2555 εἰς
1569 2468 1612 2546 τὸ
1629 2471 1832 2560 ἀναλῦσαι,
1863 2474 2103 2564 interrogabat
2126 2467 2263 2542 loachi-

1276 2603 1372 2648 mum
1390 2576 1654 2660 Camerarium,
1676 2577 1827 2670 quitum
1843 2579 1980 2662 aderat,
2007 2575 2183 2668 numquid
2209 2573 2267 2642 in-

1277 2695 1331 2751 ter
1342 2705 1398 2764 ea,
1409 2703 1499 2774 quae
1514 2683 1558 2748 dc
1573 2679 1695 2768 liguris
1711 2677 1883 2749 orationis
1902 2677 2070 2748 Paulinae
2086 2677 2269 2768 edidisset,

1278 2796 1396 2853 notata
1413 2785 1477 2852 ista
1495 2794 1629 2864 essent,
1654 2784 1715 2850 secl
1735 2781 1763 2849 is
1784 2780 1969 2872 praeterita
1996 2780 2057 2850 illa
2076 2803 2149 2849 esse
2173 2779 2270 2848 dice-

1279 2887 1356 2968 bat,
1382 2900 1413 2954 et
1431 2907 1467 2952 se
1483 2885 1577 2976 quod
1601 2907 1673 2952 nun
1692 2883 1915 2966 attendisset,
1940 2905 2042 2971 aegre
2064 2883 2176 2962 ferre,
2206 2907 2270 2949 vo-

1279 2988 1371 3057 lebat
1406 3001 1524 3056 tamen
1559 2979 1746 3076 Philippus
1779 2985 1896 3054 locum
1933 2983 2083 3078 requiri,
2117 3007 2272 3077 cumque

1279 3090 1379 3158 verbi
1396 3090 1497 3160 istius
1514 3089 1730 3158 mentionem
1754 3111 1828 3156 nou
1853 3111 1926 3156 esse
1950 3089 2075 3158 factem
2099 3101 2269 3166 cerneret,

1279 3192 1474 3282 disputavit
1487 3190 1617 3260 deinde
1631 3215 1712 3260 cum
1731 3187 1935 3260 Camerario
1954 3193 1998 3258 de
2014 3188 2269 3282 significatione

1280 3289 1406 3372 huius,
1432 3317 1521 3385 quae
1539 3317 1759 3385 nequaquam
1776 3307 1864 3361 esset
1884 3317 1942 3373 ea,
1966 3315 2071 3386 quam
2095 3289 2269 3379 interpres

1281 3396 1511 3464 verbulatiao
1530 3395 1697 3464 voluisset
1712 3394 1918 3486 exprimere,
1939 3407 2157 3485 repugnante
2167 3393 2272 3462 etiam

1281 3522 1408 3588 genere
1443 3511 1478 3566 et
1509 3492 1679 3580 diathesi,
1713 3511 1747 3566 et
1778 3496 1957 3566 discedere
1988 3510 2093 3587 atque
2121 3495 2272 3585 migrare

1283 3602 1338 3670 vel
1354 3623 1477 3690 parare
1494 3599 1628 3668 abituro
1647 3600 1792 3668 verbum
1811 3619 1973 3686 graecum
1991 3597 2189 3688 significare
2206 3600 2271 3666 do-

1283 3703 1368 3788 cuit,
1390 3702 1478 3771 sicut
1494 3694 1692 3788 καταλύειν
1708 3701 1838 3770 diverti
1855 3714 1886 3768 et
1906 3701 2138 3790 commigrare
2157 3713 2193 3770 et
2206 3725 2274 3770 κα-

1283 3801 1435 3884 τάλυσις
1468 3804 1703 3872 diversorium
1739 3815 1843 3895 atque
1867 3797 2084 3892 hospitium,
2118 3815 2158 3871 ut
2186 3801 2276 3870 verti

1285 3909 1351 3976 ista
1367 3907 1557 3976 debuerint
1578 3899 1644 3974 hoc
1669 3905 1794 3988 modo,
1820 3905 2047 3994 cupiditatem
2072 3897 2207 3972 habens
2230 3904 2277 3972 ad

1285 4011 1529 4080 decedendum
1545 4021 1579 4078 et
1595 4009 1820 4098 migrandum
1844 4030 1905 4076 seu
1928 4008 2171 4098 apparandum
2197 4005 2279 4087 iter,

1287 4113 1349 4206 qui
1372 4112 1540 4180 nimirum
1566 4126 1615 4180 est
1641 4135 1681 4179 ex
1707 4103 1772 4178 hac
1795 4109 1920 4178 misera
1946 4123 1981 4178 et
2006 4108 2182 4176 laboriosa
2207 4109 2280 4177 vita

1287 4217 1330 4284 ad
1351 4215 1486 4284 beatam
1502 4213 1654 4308 quietem
1669 4211 1795 4284 abitus.
1847 4209 1966 4304 Atque
1979 4210 2096 4280 aiebat
2110 4208 2279 4280 Clarissi-

1287 4341 1386 4386 mum
1405 4319 1520 4384 virum
1539 4317 1665 4405 pietate
1688 4328 1721 4384 et
1741 4315 1921 4382 doctrinae
1944 4313 2146 4382 eruditione
2178 4336 2281 4402 prae-

1289 4435 1437 4490 stantem
1455 4417 1498 4489 D.
1515 4413 1692 4490 Iacobum
1712 4409 1936 4486 Milichum
1954 4415 2060 4506 paulo
2077 4425 2159 4486 ante
2185 4439 2283 4484 mor-

1289 4524 1373 4592 bum
1400 4545 1470 4614 quo
1497 4520 1675 4591 consectus
1704 4520 1790 4604 luit,
1824 4543 1903 4588 cum
1941 4517 2065 4588 mortis
2100 4517 2285 4586 incidisset

1293 4625 1443 4708 mentio,
1470 4623 1599 4693 dixisse
1614 4623 1687 4690 fieri
1705 4645 1827 4712 posse.
1853 4634 1893 4690 ut
1910 4621 2017 4688 vitam
2035 4615 2128 4689 hanc
2153 4619 2195 4687 in
2214 4633 2284 4688 ter-

1291 4729 1340 4797 ris
1377 4728 1579 4819 relinquere
1605 4723 1735 4816 aliquis
1770 4746 1842 4792 uun
1871 4722 2042 4812 gravatim
2079 4723 2189 4806 velit,
2225 4723 2287 4790 sed

1291 4830 1439 4899 omuino
1453 4829 1577 4896 mortis
1593 4827 1840 4915 cogitationem
1851 4849 1924 4894 esse
1940 4820 2161 4909 horribilem,
2175 4847 2287 4918 quam

1292 4933 1499 5001 sententiam
1526 4929 1627 4995 valde
1653 4929 1819 4998 laudabat
1842 4925 1887 4996 D.
1912 4923 2121 5018 Philippus,
2148 4939 2183 4998 et
2209 4949 2288 4995 mo·

1292 5035 1398 5102 nebat
1417 5033 1540 5102 astutis
1556 5030 1784 5099 formidinem
1799 5029 2132 5100 commemoratione
2143 5027 2289 5098 incom-

1293 5138 1482 5205 modorum
1502 5134 1593 5202 vitae
1610 5155 1683 5200 non
1700 5132 1850 5224 depelli,
1876 5145 1910 5201 et
1926 5133 1970 5200 ad
1989 5127 2080 5202 hauc
2099 5144 2289 5224 praesente

1293 5238 1412 5307 animo
1446 5236 1647 5306 obeuudam
1679 5234 1746 5304 alia
1781 5257 1854 5303 esse
1882 5235 2042 5307 oratione
2077 5247 2110 5303 et
2146 5236 2291 5303 ratione

1299 5393 1520 5409 o--en———d

1333 5469 1376 5535 u)
1397 5464 1445 5521 Ed.
1462 5465 1487 5520 ἲ.
1505 5465 1697 5519 descenderes.
