4652 6178
69 257 130 335 ιιι
608 167 1063 330 ’ριιιιιειιοιιιε
1097 207 1508 296 acananrcau
1718 323 1724 332 ῃ
2008 125 2083 284 ru

67 423 245 506 reverentia
268 413 461 492 ministerii
486 405 711 502 Evangelici:
744 421 862 480 tomen
875 400 1040 496 'optarim
1092 383 1279 462 sciverunt
1304 387 1366 458 illa
1388 379 1578 464 Ecclesiae,
1595 382 1752 468 lumina,
1784 407 1875 480 qnae
1909 405 2085 480 reprease-

66 531 120 608 bas
140 541 251 624 partes
267 521 411 596 dicendi
426 517 507 590 aliis
522 515 561 584 in
582 509 651 584 hoc
670 523 772 582 coetu
788 505 1041 580 eruditioribus
1091 489 1442 572 mntMartionitas,
1471 487 1761 574 samosatenum,
1797 485 1944 574 Arium,
1979 501 2015 560 et
2034 487 2085 556 si-

67 637 153 708 detes
173 653 255 702 esse.
314 623 386 710 Sed
408 636 449 695 ut
472 617 712 708 obtemperem
734 611 898 706 publicae
921 622 956 680 et
974 600 1042 675 ho-
1091 593 1206 664 milcs.
1256 589 1454 662 Fatendum
1471 589 1662 682 estigitur,
1685 590 1855 662 maiorem
1876 612 1950 660 esse
1964 587 2084 683 Syno-

65 749 171 808 oestae
186 722 455 805 consuetudini,
488 719 609 790 adsero
625 718 769 786 brevem
787 709 1041 808 quaestionem,
1092 696 1131 766 di
1156 694 1383 780 autoritatem
1404 691 1443 760 in
1467 685 1757 786 interpretatione
1773 691 1950 782 ambigui,
1976 713 2083 782 quam

67 853 96 912 ct
114 859 173 906 ros
192 855 298 924 rogo,
333 840 374 898 ut
395 820 487 896 banc
516 841 630 890 meam
656 815 931 907 disputationem
953 807 1041 881 boni
1091 795 1200 870 nnius
1229 807 1290 866 aut
1319 793 1560 885 singulorum,
1593 791 1740 886 Alioqui
1768 793 1896 862 frustra
1928 791 2085 863 iussisset

66 935 252 1010 consulatis.
304 929 444 1001 Multae
459 937 492 996 et
506 943 654 1012 magnae
668 916 928 990 controversiae
945 933 1041 984 nunc
1091 897 1274 992 Scriptura
1291 896 1420 966 deferri
1436 919 1557 968 causas
1571 897 1615 964 ad
1625 895 1820 966 multorum
1831 893 1983 978 iudicia,
2007 894 2085 964 ira·

65 1043 97 1112 in
116 1036 266 1110 Ecclesia
289 1046 404 1102 motae
426 1037 526 1110 sunt,
558 1021 745 1116 inquibus
764 1014 957 1088 doctissimi
972 1009 1042 1084 ho.
1091 1013 1164 1072 stra
1179 997 1369 1092 promissio
1383 997 1474 1068 iacta
1489 1009 1577 1068 esset
1593 997 1767 1088 pluribus.

65 1145 165 1214 mines
183 1161 257 1210 non
279 1137 401 1206 eodem
422 1131 529 1200 modo
552 1125 679 1216 scripta
699 1118 904 1212 Apostolica
929 1118 1041 1187 inter·
1192 1098 1285 1172 Cum
1316 1113 1433 1170 autem
1466 1095 1694 1168 ¹¹0mi⁰it¹¹¹¹1⁵
1726 1093 1940 1180 Eetifltissms
1985 1117 2085 1164 ²⁰¹⁰·

64 1255 254 1339 metamur,
282 1263 322 1308 ac
343 1235 382 1304 in
403 1227 602 1326 praecqpffi,
622 1222 778 1294 mmai,
801 1220 1040 1291 ,153300330052
1091 1202 1282 1298 plectimur
1309 1223 1384 1270 non
1415 1199 1510 1270 solos
1541 1199 1746 1282 Ministros,
1784 1201 1845 1268 sed
1869 1197 1973 1268 etiam
1995 1196 2085 1266 alios

66 1349 103 1416 de
123 1345 250 1436 scripto
275 1353 309 1410 et
331 1331 523 1415 semmua,
553 1351 614 1398 ,eu
637 1319 721 1422 περὶ
742 1323 855 1418 ῥητοῦ
872 1315 937 1396 καὶ
956 1314 1040 1393 δια.
1091 1305 1170 1398 pios
1191 1317 1225 1374 et
1245 1305 1385 1374 doctos:
1412 1297 1465 1372 lta
1484 1313 1623 1386 tamen,
1647 1315 1689 1374 ut
1713 1277 1894 1384 Ministri,
1919 1297 2085 1392 quirunt

66 1443 188 1530 coice,
210 1457 250 1515 nt
281 1435 485 1514 Rhetoricis
515 1425 812 1524 appellationibus
840 1437 932 1497 utor.
991 1417 1041 1492 Ut
1092 1406 1303 1500 praecipuus
1320 1405 1470 1493 gratim,
1489 1427 1565 1473 non
1583 1403 1825 1475 excludantur.
1840 1383 2083 1474 'fAbsurdum

65 1551 161 1642 igitar
181 1547 219 1616 in
241 1546 320 1615 loro
346 1541 461 1630 legum
482 1527 725 1623 interpretatio
749 1549 769 1596 a
792 1524 959 1616 Principe
984 1521 1041 1590 vel
1092 1507 1270 1588 estenim,
1296 1505 1449 1597 cogitare
1465 1501 1658 1574 Ecclesiam
1677 1507 1752 1572 siue
1771 1501 1981 1572 ministerio.

63 1645 411 1738 al‘raetorepctitur:
446 1641 494 1710 ita
509 1636 547 1705 in
570 1627 849 1702 dissensionibus
865 1623 1041 1697 Ecclesia·
1194 1606 1292 1678 Haec
1313 1631 1395 1678 corn
1413 1606 1601 1676 constituta
1619 1619 1722 1690 sunt,
1748 1605 1785 1674 in
1802 1600 1959 1673 Ecclesia
1982 1615 2085 1694 potc-

63 1752 147 1822 sticis
167 1752 291 1840 dicunt
315 1769 333 1814 a
354 1743 500 1840 Synodo
526 1731 852 1826 interpretationem
875 1727 1040 1818 flagitan·
1091 1723 1215 1782 atatem
1231 1731 1305 1780 este
1326 1709 1582 1800 interpretandi
1599 1707 1780 1796 ambigna,
1812 1725 1958 1798 eamque
1973 1703 2085 1795 perti·

64 1857 135 1924 dam
157 1876 237 1924 esse.
297 1845 396 1922 Solet
418 1843 526 1933 igitur
547 1833 674 1932 quaeri.
695 1835 740 1903 de
761 1829 902 1901 iudiciis
924 1827 1042 1923 Syno-
1092 1835 1178 1884 nere
1203 1814 1248 1882 ad
1274 1811 1412 1904 plnres,
1438 1803 1506 1880 hnc
1529 1823 1598 1893 est,
1626 1811 1670 1878 ad
1696 1807 1877 1902 synodos:
1913 1805 2085 1900 Sequitur

745 1930 845 2004 tandi
864 1932 902 2002 in
918 1925 1042 2000 Eccle.
1093 1912 1322 2010 Synodorum
1359 1910 1550 1982 sententias
1586 1907 1847 2001 amplectendas
1872 1930 1964 1992 esse,
2003 1921 2084 1977 tan·
2147 1889 2150 1896 Δ

64 2057 126 2140 sia,
150 2055 224 2151 quis
239 2050 370 2124 habeat
389 2071 465 2118 eam
483 2052 708 2137 potestatem,¹
733 2047 768 2108 et
784 2057 830 2104 an
845 2055 962 2104 errare
974 2029 1043 2127 Sy·
1094 2029 1348 2110 quantenus,
1375 2011 1788 2086 etuonlabesactandas.
1827 2008 1973 2080 Frustra
1987 2009 2083 2078 enim

1094 2131 1183 2188 esset
1208 2129 1360 2208 potestas
1381 2117 1461 2184 data
1484 2115 1687 2196 iudicandi,
1719 2113 1747 2180 si
1772 2113 1892 2182 liceret
1911 2125 2083 2202 perpetuo

135 2161 143 2176 ·
241 2157 249 2174 ·
301 2155 319 2204 a

65 2161 319 2350 ncdtpppffio
344 2251 452 2343 igitur
481 2242 741 2340 quaestionem:
784 2231 864 2318 Aa,
890 2227 1043 2304 sumsit
1093 2217 1282 2312 aduersari.
1334 2215 1443 2288 Nulla
1463 2214 1683 2306 est-politia,
1708 2213 1832 2306 inqua
1858 2210 2083 2282 nonsitali·

70 2359 107 2430 in
126 2355 285 2430 Ecclesia
301 2361 462 2456 potestas
479 2335 761 2445 interpretandi,
783 2333 977 2438 praecipue
993 2332 1043 2404 sit
1094 2344 1163 2414 quc
1181 2344 1248 2388 vox
1266 2319 1384 2408 legam
1400 2317 1574 2406 interpres
1589 2311 1818 2388 inviolabilis.
1857 2312 1898 2386 Si
1918 2336 1956 2382 ea
1973 2313 2084 2382 maic-

65 2454 150 2532 [Μ
164 2453 354 2532 gignenda
368 2446 556 2550 synodis,
581 2451 676 2516 0107,
692 2433 1045 2535 adfirmandumie,
1094 2437 1164 2492 stas
1187 2421 1357 2490 tribuitur
1378 2417 1557 2510 imperiis,
1587 2417 1669 2510 qnia
1700 2417 1873 2486 divinitus
1894 2415 2084 2486 constituta

66 2557 224 2659 Synodos
240 2559 403 2658 legitime
420 2560 584 2634 coactas,
609 2569 683 2617 non
699 2565 804 2642 posse
808 2535 937 2642 salli?
1094 2535 1196 2602 sunt,
1230 2534 1265 2592 et
1286 2519 1384 2592 Dens
1407 2519 1521 2590 voluit
1543 2516 1792 2606 Magistratnm
1824 2512 1889 2586 bac
1915 2529 2085 2607 potestate

156 2665 315 2738 Primum
333 2675 450 2733 autem
465 2653 631 2734 ostendo,
649 2659 853 2740 potestatem
868 2641 1043 2733 interprc.
1095 2622 1277 2694 iudicandi
1293 2621 1469 2692 munitum
1493 2642 1582 2689 esse:
1617 2616 1692 2690 Cur
1712 2643 1786 2688 rron
1799 2613 1958 2691 Ecclesia
1972 2617 2084 2707 magis

66 2771 180 2840 landae
195 2769 390 2866 scripturae
405 2783 478 2830 esse
492 2756 530 2825 in
549 2749 720 2824 Ecclesia:
1095 2720 1243 2796 haberet
1258 2722 1482 2794 autoritatem
1499 2719 1766 2804 inviolabilem,
1799 2742 1889 2812 quae
1904 2717 2009 2808 longe
2025 2741 2086 2787 su-

109 2869 247 2942 Donum
272 2891 346 2938 nou
362 2867 491 2936 trustra
509 2859 613 2926 datur
627 2847 824 2930 Ecclesiae,
856 2843 915 2916 sed
932 2835 975 2914 tit
989 2840 1042 2910 di·
1095 2839 1194 2920 petat
1210 2821 1360 2917 Imperia
1376 2821 1578 2895 maiestate?
1627 2817 1791 2914 Denique
1805 2843 1972 2890 concussa
1989 2817 2085 2914 Syn-

156 2975 288 3044 iudicet
305 2983 340 3040 et
354 2965 497 3036 dirimat
509 2951 779 3029 controversias.
1095 2931 1246 3001 odorum
1285 2926 1492 3004 autoritate,
1536 2937 1570 2994 et
1608 2923 1767 2994 refractis
1803 2916 1858 2992 his
1897 2920 2085 3012 repagulis,

108 3075 148 3150 lu
165 3072 324 3150 Ecclesia
340 3071 474 3140 donum
490 3073 543 3133 est
558 3051 878 3148 interpretationes.
1096 3031 1275 3124 qnonmdo
1298 3027 1493 3120 petulantia
1510 3025 1735 3116 ingeniorum
1757 3023 1910 3094 coerceri
1932 3022 2087 3115 poterit?

106 3177 195 3272 Ergo
209 3191 243 3248 ct
262 3185 425 3266 potestas.
1095 3130 1226 3204 Nullas
1254 3131 1294 3200 in
1323 3126 1479 3200 Ecclesia
1508 3127 1724 3198 seditionum
1754 3123 1835 3194 linis
1864 3124 1947 3210 erit,
1980 3124 2011 3194 si
2033 3148 2086 3209 ea,

149 3279 291 3354 Deinde
313 3297 393 3346 cum
415 3261 579 3340 Christus
601 3251 757 3330 voluerit
771 3247 963 3322 Ecclesiam
982 3269 1044 3320 sna
1096 3257 1187 3328 quac
1209 3245 1364 3304 vetustas
1378 3253 1516 3302 summa
1530 3227 1709 3320 ‘gramme
1726 3219 1914 3310 decedes
1922 3225 2085 3298 cavillari

65 3375 331 3456 babereiudicia
346 3367 587 3449 dedocuisse,
611 3373 705 3433 certe
721 3355 871 3427 annavit
887 3375 964 3422 eam
980 3373 1046 3444 po-
1096 3335 1230 3410 licebit.
1270 3332 1408 3406 Multae
1420 3345 1504 3404 sunt
1519 3353 1660 3414 musae,
1680 3351 1771 3424 quae
1784 3327 1910 3399 deletis
1923 3339 2084 3408 veterum

67 3499 175 3560 testate
189 3485 324 3577 aliqua.
375 3471 483 3564 Quod
503 3479 620 3538 autem
642 3457 729 3532 baec
743 3468 895 3550 potestas
909 3451 1046 3546 praeci·
1097 3435 1308 3511 testimoniis
1330 3457 1477 3526 magnos
1497 3445 1640 3526 possent
1654 3429 1830 3502 tumultus
1849 3429 2019 3514 excitare,
2043 3440 2085 3500 ιιι

65 3613 124 3681 pne
137 3583 327 3662 tribuenda
341 3577 387 3650 sit
401 3568 574 3670 Synodis,
595 3563 645 3636 sic
659 3561 825 3636 ostendo:
850 3554 1045 3628 Promissio
1096 3537 1255 3636 quaestio
1270 3539 1314 3608 de
1331 3536 1507 3616 intantum
1515 3531 1717 3628 Baptismo,
1732 3533 1776 3602 de
1788 3529 1923 3611 Verbo,
1940 3527 2039 3604 ioan.
2052 3533 2085 3605 l.

64 3690 144 3764 iacta
167 3703 316 3762 estnon
335 3677 483 3754 uniant
505 3667 671 3760 singulis,
701 3657 1046 3732 scdmultisconre-
1096 3665 1143 3712 an
1165 3639 1337 3731 significet
1359 3659 1563 3730 personam,
1587 3648 1624 3708 et
1648 3634 1836 3727 pleraeque
1859 3631 1961 3706 aliae.
2011 3629 2086 3702 Va·

63 3793 254 3876 aientibus,
281 3785 371 3857 sicut
384 3767 553 3870 scriptum
572 3781 640 3841 est:
667 3763 880 3856 Ubicunque
895 3761 968 3830 duo
984 3771 1046 3829 auc
1097 3744 1167 3815 leat
1188 3742 1298 3834 igitur
1321 3740 1359 3810 in
1374 3735 1531 3810 Ecclesia
1554 3759 1672 3808 rerum
1689 3735 1925 3806 iudicatarum
1949 3731 2086 3806 autori·

64 3909 126 3970 tres
143 3905 251 3968 erunt
273 3879 473 3976 congregati
497 3875 536 3946 in
557 3869 703 3944 nomine
724 3889 824 3950 meo,
863 3861 903 3930 in
927 3859 1045 3930 medio
1097 3859 1160 3916 tas.
1219 3840 1462 3933 Agnoscamus
1484 3837 1756 3934 promissiones,
1788 3858 1878 3930 quae
1901 3837 2086 3920 testantur,

64 4023 175 4070 comm
191 4015 286 4066 sum.
326 3983 493 4082 Synodus
507 3989 559 4049 est
573 3971 654 4046 talis
670 3977 875 4057 congressus
889 3959 1045 4056 plurium
1097 3948 1238 4038 piorum
1259 3963 1466 4033 congressus
1486 3955 1521 4014 et
1543 3937 1675 4010 iudicia
1692 3935 1881 4028 gnbemari
1900 3935 2084 4030 divinitus.

65 4101 213 4194 piorum,
241 4105 278 4164 et
297 4083 501 4186 praesertim
524 4074 745 4148 docentiums
780 4061 877 4157 Ergo
894 4075 1046 4156 potestas
1096 4045 1218 4120 Discat
1245 4046 1419 4140 populns,
1450 4043 1683 4114 reverentiam
1713 4036 1912 4144 Ecclesiae,
1946 4049 1979 4108 et
2011 4035 2086 4106 illis

63 4201 137 4290 illa,
157 4220 266 4295 quam
277 4187 464 4288 promissio
480 4179 681 4262 confirmat,
702 4169 856 4246 maxime
869 4167 912 4238 ad
928 4162 1047 4262 Syno-
1097 4149 1238 4245 piorum
1268 4149 1454 4218 doctorum
1485 4143 1731 4236 congressibus
1757 4137 1897 4223 deberi,
1933 4137 1996 4230 qui
2025 4136 2085 4206 in.

63 4307 141 4378 dum
155 4297 323 4396 pertines,
1095 4252 1261 4344 gentibus
1280 4247 1533 4320 certaminibus
1554 4245 1790 4316 defenderunt
1813 4239 1997 4310 coelestem
2017 4239 2085 4308 do-

154 4401 299 4478 Deinde
320 4387 484 4468 Christus
505 4377 700 4455 Ecclesiam
724 4371 837 4444 voluit
856 4391 929 4439 csse
949 4367 1046 4438 iudi·
1096 4354 1259 4426 ctrinsm.
1298 4347 1395 4420 Haec
1411 4361 1496 4420 sunt
1510 4345 1613 4420 utilia
1629 4340 1876 4438 tranquillitati
1891 4339 2085 4415 communi.

62 4533 150 4592 cem,
176 4527 259 4580 cum
284 4496 350 4570 ait:
381 4489 450 4565 Dic
464 4483 652 4559 Ecclesiae.
702 4473 751 4549 Et
765 4471 898 4546 Paulus
913 4469 1045 4566 inquicc
1095 4453 1186 4526 Nam
1201 4447 1363 4544 ἀναρχία
1386 4451 1478 4542 parit
1490 4461 1651 4522 aeternas
1663 4441 1949 4532 dilacerationes,
1973 4455 2007 4512 et
2023 4465 2082 4512 ra·

59 4607 194 4686 iactari
215 4599 425 4680 diiudicent.
483 4586 604 4677 Quare
618 4591 770 4676 potestas
784 4571 970 4668 praecipua
994 4584 1046 4642 est
1095 4555 1250 4628 stitatem
1262 4550 1514 4626 Ecclesiamm.

60 4710 205 4812 Synodi.
253 4699 399 4776 Etcum
415 4691 564 4786 probata
580 4681 797 4758 consuetudo
810 4677 857 4750 sit
871 4697 995 4745 norma
1011 4685 1045 4744 et
1195 4653 1469 4730 Consideremus
1491 4663 1525 4724 et
1540 4609 1968 4738 exempla'Ecclesiaram,
1995 4663 2085 4736 quae

59 4819 231 4910 interpres
252 4802 361 4886 iuris,
390 4795 576 4868 videamus
598 4783 754 4880 purioris
774 4775 952 4852 Ecclesiae
966 4797 1044 4846 rno-
1095 4782 1192 4830 nnnc
1212 4757 1419 4878 emendasse
1439 4765 1534 4825 sunt.
1588 4748 1631 4820 ln
1653 4743 1709 4868 bip
1723 4746 1852 4818 iudicia
1868 4755 2085 4830 exercentur,

60 4945 142 4992 nm,
192 4911 238 4984 1„
260 4887 635 4992 Aeeicccp,16.cum
658 4881 829 4956 dissensio
851 4889 1043 4956 ortuense,
1095 4873 1318 4954 quaestiones
1356 4857 1400 4926 ad
1439 4865 1560 4926 coetus
1602 4851 1823 4922 eruditorum
1861 4846 2083 4920 deteruntur.

59 5021 100 5094 tle
112 5009 345 5104 abrogatione
361 5001 466 5094 legis,
488 4993 681 5064 mittuntur
695 4981 819 5077 Legati
835 4983 879 5052 ad
889 4973 1043 5072 Aposto-
1093 4959 1233 5034 Horum
1256 4957 1442 5030 sententiis
1457 4955 1562 5028 etiam
1579 4953 1617 5022 iu
1636 4954 1744 5024 rebus
1766 4945 1926 5020 obsimis
1942 4947 2084 5018 auscul-

56 5121 119 5199 los.
169 5115 223 5190 Hi
241 5115 439 5186 convocant
458 5110 607 5170 etsuum
622 5088 828 5179 collegium,
854 5077 892 5154 'et
907 5092 1043 5150 exteros
1092 5076 1170 5137 tant
1190 5057 1379 5134 Ecclesiae.

335 5209 345 5228 '
409 5225 492 5274 rae
514 5200 558 5268 de
589 5217 628 5264 re
648 5206 744 5263 tanta
776 5183 1040 5258 constituerent.
1194 5161 1265 5237 Sed
1290 5161 1436 5258 quidam
1457 5168 1580 5228 contra
1606 5154 1800 5246 disputant.
1850 5147 2013 5220 Primum
2028 5148 2084 5218 is·

656 5291 748 5362 dicio
762 5287 976 5368 multorum,
1001 5305 1041 5354 cc
1090 5282 1212 5343 tantur
1230 5261 1409 5338 Ecclesiae
1424 5261 1631 5332 mandatum
1655 5276 1747 5340 esse,
1772 5263 1812 5324 ut
1833 5249 2083 5322 indiciaexer-

1285 5369 1440 5454 addunt,
1464 5361 1629 5437 traditam
1646 5379 1720 5430 esse
1733 5355 1864 5448 legem,
1884 5371 1989 5448 aqua
2004 5365 2081 5422 non

64 1957 199 2040 dorum,
223 1947 340 2048 qualis
356 1947 402 2018 sit
418 1954 571 2037 potestas
587 1937 744 2026 interpre

52 5323 124 5398 Nec
140 5326 187 5395 de
199 5315 307 5390 nnius
321 5303 514 5387 sententia,
538 5297 600 5368 scd
617 5293 653 5366 iu

52 5429 201 5522 snum,
222 5421 402 5494 decretum
414 5409 545 5480 nomm
558 5409 620 5472 est.
657 5391 1038 5482 Euaemorempostca
1088 5385 1183 5460 aeut,
1207 5371 1269 5442 sed
