4686 6172
87 283 151 360 ssa
583 261 587 266 ’
643 259 1073 380 obsessiones
1126 267 1537 350 acaunurcaa.
2042 277 2118 354 sss

96 493 104 500 ·
154 457 226 532 Sed
249 471 372 530 contra
388 445 609 550 opponitur,
636 458 848 555 Tyrannum
871 483 946 528 non
965 479 1074 551 quae·
1229 437 1397 541 Propone
1413 459 1530 518 antem
1544 447 1786 544 quaestionem
1800 451 1844 525 de
1859 447 1992 524 Terrae
2006 467 2119 540 motu,

86 563 199 636 sivisse
222 560 469 654 principaliter
495 562 700 652 pecuniam,
732 563 832 631 euius
858 577 974 634 custos
1000 572 1075 629 erat
1127 551 1172 620 de
1194 573 1263 644 qua
1284 563 1325 622 ut
1348 551 1558 640 cogitarem,
1590 551 1643 622 eei
1661 552 1847 624 inusitatae
1867 557 2055 628 attmiratia
2080 559 2118 627 iu

86 665 311 746 Laurentius,
334 665 396 732 sed
418 664 684 755 oppressionem
701 661 897 748 Ecclesiae,
923 677 1075 734 etever-
1127 666 1316 725 causaest.
1366 649 1487 723 Audio
1511 653 1605 722 enim
1627 649 1692 724 hac
1718 669 1846 726 aestate
1871 659 2022 728 terribili
2047 674 2118 731 tre·

86 770 216 840 sionem
240 767 348 836 totius
365 764 578 851 Ministcrii‚
605 781 724 858 erepta
748 789 786 835 ea
813 766 978 856 pecunia,
1004 787 1075 857 qua
1128 779 1226 824 more
1247 778 1451 824 concussam
1476 777 1549 824 esse
1579 770 1686 826 lotam
1710 781 1808 828 oraru
1833 759 1917 828 inde
1941 783 2052 855 usque
2074 765 2119 832 ab

86 871 267 943 alebantur
280 870 446 938 docentes
460 881 495 938 et
515 868 645 938 caeteri
663 881 804 957 egentes
819 867 858 936 in
874 867 935 936 illa
951 863 1075 936 Eccle-
1127 853 1297 926 lietscinis
1319 859 1363 926 ad
1379 855 1561 926 Dresdsm·
1612 855 1704 928 Cum
1728 875 1843 930 autem
1860 857 1995 932 Medici
2018 889 2120 956 prae-

85 976 143 1044 sta.
180 970 266 1042 tisis
279 969 388 1060 igitur
407 969 444 1038 tu
463 969 523 1038 itta
536 968 720 1041 Lauunni
735 969 954 1040 recusatione
969 967 1075 1037 ettam
1127 957 1229 1050 cipue
1254 957 1596 1030 inconsideratione
1617 973 1765 1030 naturae
1782 977 1987 1046 versentur.
2013 981 2047 1038 et
2063 993 2120 1038 re-

86 1099 182 1147 casus
203 1071 444 1144 confessionis.
503 1071 594 1142 Nam
617 1073 647 1140 si
669 1071 872 1145 tradidisset
900 1071 1074 1162 praelecto
1128 1083 1210 1128 cens
1225 1055 1351 1129 sithoc
1366 1060 1580 1152 prodigium,
1598 1063 1718 1131 censiti
1735 1065 2027 1152 interrogandum
2046 1091 2120 1140 esse

86 1176 282 1248 reconditos
297 1169 481 1245 thesauros
498 1169 693 1254 Ecclesiae,
720 1173 939 1264 praebuisset
958 1172 1076 1242 elbca-
1129 1157 1224 1230 liunt
1248 1185 1381 1230 novum
1404 1160 1611 1233 Ductorem:
1648 1163 1706 1232 An
1736 1161 1960 1262 sufficientes
1989 1193 2121 1242 causae

86 1305 158 1351 cem
188 1301 328 1348 eausam
360 1275 506 1344 delendi
536 1275 770 1366 ministerium
803 1271 1009 1364 Evangelii,
1042 1285 1076 1342 et
1128 1271 1246 1332 lmus
1261 1269 1423 1332 ''²⁰1⁰“m
1438 1259 1583 1334 Offendi
1593 1266 1748 1360 POSSW.
1764 1277 1795 1336 θ’
1808 1291 1859 1336 θη
1876 1265 1990 1338 allud
1999 1271 2121 1366 signi-

85 1379 318 1454 confirmandi
335 1379 450 1448 cultus
466 1379 665 1462 idolorum,
693 1378 803 1470 pulsis
824 1391 886 1446 aiat
908 1379 999 1446 same
1012 1399 1077 1444 ne-
1117 1358 1245 1458 firent‘,
1269 1359 1414 1462 prester
1430 1359 1577 1468 effectus
1591 1361 1797 1462 Physicos?
1826 1369 1916 1440 Nam
1934 1375 1979 1441 de
1994 1375 2120 1447 effectu

85 1483 169 1556 catis
184 1483 253 1573 piis
267 1481 474 1551 doctoribus
488 1493 522 1550 et
535 1480 707 1550 ministris
723 1475 911 1550 Ecclesiae.
944 1475 994 1550 Ut
1008 1476 1077 1566 igi·
1132 1463 1279 1561 Physico
1303 1467 1421 1560 inquit
1438 1469 1588 1538 Seneca:
1621 1467 1755 1540 Terrae
1774 1487 1890 1542 motus
1906 1475 2046 1548 adferre
2064 1479 2121 1547 di.

84 1601 143 1657 tur
156 1585 375 1666 ostenderet,
401 1605 438 1652 se
459 1582 574 1652 cultus
594 1583 773 1652 idolorum
792 1583 884 1651 serio
900 1577 1076 1667 detestari,
1129 1595 1205 1638 ram
1221 1570 1315 1638 luem
1333 1570 1529 1662 pecudibus
1546 1583 1579 1640 et
1596 1566 1812 1643 hominibus.
1867 1572 1955 1645 Eius
1977 1577 2121 1652 effectus

86 1702 121 1758 et
135 1685 370 1756 ministerium
388 1707 491 1754 verae
503 1681 678 1754 Ecclesiae
695 1683 808 1778 pluris
822 1685 949 1766 facere,
969 1705 1076 1774 quam
1130 1671 1233 1740 eliam
1252 1671 1394 1740 difficile
1412 1685 1463 1742 esi
1477 1695 1616 1742 causam
1633 1677 1827 1746 ostendere.
1867 1675 1955 1746 Nam
1972 1703 2121 1772 corpora

85 1789 249 1886 Tyranni
268 1788 405 1872 minas,
435 1811 516 1856 cnm
540 1801 656 1858 custos
679 1801 768 1857 essct
792 1786 890 1856 illius
914 1783 1077 1877 publicae
1130 1773 1366 1842 animantium
1382 1797 1455 1843 non
1471 1789 1655 1844 mutantur
1670 1779 1811 1868 proprie
1828 1777 1904 1870 ipso
1922 1795 2034 1852 terrae
2050 1797 2122 1855 tre-

87 1891 275 1986 pecuniae,
297 1887 423 1958 maluit
440 1889 548 1959 vitam
568 1889 801 1980 profundere,
826 1912 932 1982 quam
955 1897 1078 1978 postu·
1131 1899 1240 1946 more.
1290 1873 1367 1944 Etsi
1384 1889 1499 1946 autem
1518 1877 1689 1946 decausis
1712 1881 1921 1976 propinquis
1941 1886 2122 1958 conicetu-

86 1994 174 2065 lanti
192 1991 371 2064 Praefecto
387 1990 574 2083 pecuniam
588 1989 741 2061 alienam
757 1993 918 2088 prodere.
1131 2001 1189 2048 rae
1209 1977 1321 2066 magis
1346 1978 1471 2046 obviae
1498 1993 1600 2062 snut,
1633 1979 1797 2052 videlicet
1816 1985 1860 2054 cle
1882 1987 2026 2055 materia
2044 2014 2122 2057 mo-

1132 2093 1253 2165 vente,
1279 2093 1397 2150 tamen
1422 2081 1466 2148 de
1490 2104 1591 2148 causa
1617 2081 1751 2172 priore,
1776 2109 1866 2178 qrrae
1888 2085 1956 2157 ciet
1978 2081 2123 2172 baticus,

1133 2205 1193 2252 seu
1211 2195 1345 2262 ventos,
1368 2205 1430 2250 seu
1445 2205 1575 2274 aquam
1591 2182 1629 2250 in
1645 2197 1758 2254 terrae
1772 2187 1975 2272 visceribus,
1996 2210 2123 2282 magna

1133 2297 1185 2354 cst
1202 2282 1407 2353 obscuritas.
1457 2281 1682 2356 Democritus
1699 2287 1806 2370 dixit,
1833 2313 1958 2384 aquarn
1976 2291 2012 2361 in
2030 2308 2123 2366 terra

1134 2386 1327 2469 inclusam,
1353 2409 1432 2454 cum
1456 2385 1569 2454 nimio
1590 2387 1736 2457 adflnru
1753 2389 1972 2473 intumescit,
1993 2420 2124 2466 concu-

1134 2502 1207 2558 tere
1229 2501 1368 2556 terram.
1420 2482 1469 2556 Et
1490 2487 1727 2558 coniecturam
1752 2484 1845 2561 hanc
1872 2496 2010 2580 recitat,
2040 2499 2124 2591 quia

1135 2601 1215 2682 post
1231 2603 1344 2659 terrae
1358 2601 1494 2657 motum
1509 2589 1608 2682 sequi
1621 2592 1877 2662 exsindatioues
1891 2597 2058 2667 usitatum
2069 2600 2126 2684 sit,

1134 2705 1175 2762 ut
1191 2691 1244 2759 bis
1260 2689 1353 2760 intra
1373 2713 1502 2781 paucos
1517 2715 1630 2760 arreins
1646 2691 1750 2762 etiam
1769 2695 1806 2762 in
1819 2693 2013 2770 Germania
2028 2725 2126 2770 coin-

1137 2793 1302 2886 perimus.

1238 2894 1330 2966 Nam
1347 2907 1428 2964 ante
1443 2895 1641 2966 octodecim
1656 2921 1769 2966 annos
1784 2897 1918 2970 Terrae
1933 2915 2069 2974 motum
2088 2906 2127 2977 in

1138 2995 1291 3092 Alpibus
1305 3011 1442 3068 secutae
1458 3012 1540 3066 sunt
1558 3021 1703 3088 magnae.
1719 3003 1992 3090 excruciationes,
2018 3021 2052 3077 et
2069 3035 2127 3080 re-

109 3135 176 3208 ΝΟ.
199 3132 260 3210 55·
452 3109 457 3116 '
557 3141 562 3146 -
804 3137 1071 3222 msepmggq
1138 3125 1219 3172 cens
1252 3099 1291 3167 iu
1324 3099 1434 3168 fossas
1466 3100 1659 3169 metallicas
1690 3101 1969 3174 Manslelilenses
1999 3109 2127 3200 passim

99 3233 273 3262 Μ
445 3247 450 3256 .
790 3225 1086 3276 »ινα-κ
1138 3227 1229 3298 aqua
1246 3201 1406 3287 induxit,
1431 3213 1465 3270 et
1479 3201 1594 3272 crebri
1615 3217 1700 3274 sistit
1715 3201 1847 3275 Terrae
1870 3221 1985 3278 motus
2010 3211 2045 3280 in
2061 3213 2129 3282 lit·

159 3339 191 3396 lu
210 3341 323 3410 Quaest.
344 3359 371 3407 p.
388 3335 469 3396 trtb.
489 3359 500 3391 s
522 3357 549 3411 q.
562 3346 588 3392 et
600 3336 628 3392 in
642 3335 698 3393 set.
715 3337 866 3395 Declsmst.
886 3335 977 3394 T.1V.
991 3333 1086 3410 pass.
1137 3307 1286 3377 mribus·

197 3411 329 3468 uictus.
340 3410 374 3466 T.
387 3409 409 3466 1.
427 3429 455 3483 p.
468 3411 502 3464 ss
1242 3402 1421 3498 Quodque
1431 3403 1590 3476 Siciliam
1609 3408 1653 3476 ab
1670 3403 1768 3478 ltalia
1783 3423 1896 3480 terrae
1912 3428 2011 3485 motu
2028 3417 2130 3487 avul-

1139 3535 1214 3583 sam
1238 3533 1311 3578 esse
1335 3521 1500 3590 narrant,
1524 3508 1616 3576 mole
1632 3533 1806 3602 aquarum
1830 3514 1959 3584 sacttrm
1977 3517 2130 3606 videtur,

1140 3629 1180 3688 ut
1197 3609 1367 3700 Virgilius
1381 3609 1497 3704 inquit
1513 3611 1556 3679 dc
1572 3609 1710 3681 Sicilia:

1216 3717 1300 3781 Haeo
1314 3722 1380 3780 loca
1398 3723 1429 3778 ri
1444 3721 1596 3801 quondam
1610 3735 1639 3780 et
1654 3733 1733 3780 rests
1749 3727 1891 3784 eonsules
1909 3728 2006 3798 ruins,

1216 3819 1366 3900 (Tantum
1383 3825 1449 3881 sevi
1464 3824 1629 3905 longinqua
1645 3826 1723 3884 valet
1738 3838 1851 3884 rnutare
1868 3829 2012 3907 vetustas)

190 2145 262 2220 Sed
283 2141 458 2236 obiiciunt
478 2164 601 2212 rursus
622 2167 664 2212 ex
687 2142 790 2214 libris
813 2141 938 2212 vestris
957 2139 1080 2234 aliqui,

89 2249 209 2322 omnia
227 2269 300 2316 esse
318 2243 553 2337 lmpcratoris.
606 2242 703 2336 Ergo
721 2246 825 2316 ctiam
852 2244 950 2314 illam
975 2267 1082 2336 pecu-

91 2353 189 2422 niam
204 2345 381 2418 Ecclesiae
402 2347 554 2438 potuisse
573 2348 754 2418 vendicari
776 2345 990 2417 aPraelecto
1010 2342 1082 2414 lm-

92 2453 275 2546 peratoris.
328 2449 378 2520 De
401 2443 467 2520 bac
492 2463 609 2519 autem
634 2464 706 2520 tota
727 2449 953 2544 quaestione,
985 2461 1020 2518 et
1038 2448 1082 2516 de

91 2555 187 2624 dicto
202 2553 264 2622 illo
282 2551 418 2642 vulgari
434 2549 521 2645 quid
538 2551 763 2622 sentiendum
780 2551 837 2630 sit,
863 2563 944 2641 peto
960 2548 1083 2618 claris-

89 2659 178 2728 sime
196 2641 685 2740 DomineDoctorChs'lr'uue,
701 2669 741 2726 ut
757 2667 853 2724 tuam
870 2650 1082 2722 sententiaro

90 2757 376 2852 uobiserponas.
427 2753 523 2832 Diri.

91 3569 274 3653 Quaestio
298 3568 462 3638 recitato
488 3565 676 3638 arceto
702 3561 867 3652 atera,
884 3559 1000 3661 'litim
1025 3561 1088 3636 die

88 3668 154 3744 26.
172 3673 299 3760 Sept,
327 3689 413 3740 eum
436 3663 705 3740 decerneretur
725 3664 869 3760 proclus
883 3668 1088 3738 Doctorum

93 3777 135 3844 ia
155 3779 240 3844 arte
264 3771 410 3844 medice
432 3774 486 3844 M.
511 3767 717 3842 Inhorrui
745 3793 769 3842 u
793 3773 931 3858 Bert,
962 3771 1089 3842 Wese-

415 3873 551 3964 hemi'
577 3895 642 3944 ‘m'
660 3871 768 3946 ¹5⁵&
1151 3945 1155 3956 ¹
1218 3920 1518 3999 Dissiliissel'erunt,
1543 3945 1613 3985 osam
1634 3929 1772 4007 protinus
1788 3942 1913 4012 utraque
1927 3935 2017 3992 tellus

86 4013 136 4100 N
140 4049 190 4092 on
207 4037 258 4094 est
273 4033 414 4091 noslrae
430 4021 564 4100 sedalis,
586 4043 726 4092 cattsam
741 4043 920 4116 qttaerere,
945 4031 1090 4110 propiet·
1218 4023 1285 4088 Uos
1302 4029 1400 4104 l'oret,
1427 4027 1623 4088 reoitmeclio
1643 4033 1819 4110 sipontus,
1847 4043 1876 4091 et
1892 4033 1978 4093 stridis

87 4151 202 4222 quatri
225 4124 365 4216 sapiens
394 4123 587 4217 antiquitas
612 4123 762 4194 voluerit
791 4145 919 4212 pueros
942 4121 980 4188 itt
1004 4145 1091 4190 con-
1218 4127 1399 4212 Hesperium
1416 4131 1511 4190 siculo
1527 4134 1602 4190 latus
1617 4132 1760 4202 abscidit,
1783 4152 1912 4216 areaque
1926 4147 1954 4196 et
1969 4118 2056 4197 urbes

86 4251 194 4300 sessu
214 4241 266 4298 tot
289 4249 432 4309 senum,
469 4250 622 4320 quorunr
650 4240 703 4296 est
728 4225 856 4294 eximia
878 4223 1033 4292 ersrditio
1057 4237 1091 4292 et
1220 4227 1884 4314 Littorrdtductsssngunoiutertuttsestu.
1928 4236 1931 4246 '

87 4333 268 4423 gravitas,
294 4327 430 4420 aliquid
445 4329 582 4412 dicere,
602 4329 663 4397 sed
682 4316 878 4396 uerecunde
896 4349 961 4393 nos
979 4320 1091 4394 bone-
1143 4327 1296 4398 Talibus
1310 4327 1522 4396 coniecturis
1541 4343 1655 4398 motus
1671 4325 1906 4416 Democritus,
1929 4356 2068 4404 causam
2085 4335 2135 4404 ait

86 4434 160 4504 stis
176 4429 346 4502 institutis
362 4431 606 4522 obtemperare
622 4433 732 4502 decet.
784 4425 956 4497 Fortassis
973 4439 1090 4496 antem
1145 4454 1219 4502 esse
1234 4455 1375 4522 aqriarm

89 4537 180 4606 ideo
195 4529 265 4602 buc
279 4532 508 4614 adducimur,
533 4547 574 4602 nt
589 4532 768 4602 intuentes
784 4523 869 4599 baec
882 4528 1091 4620 spectacula.
1247 4532 1317 4602 Sed
1336 4529 1484 4620 opponit
1507 4529 1575 4596 alia
1594 4528 1692 4618 signa
1712 4525 1938 4615 Aristoteles,
1966 4533 2014 4604 ait
2033 4549 2135 4629 rupta

88 4636 217 4707 statim
236 4659 257 4704 a
282 4634 412 4704 teneris
429 4633 604 4702 discamus
626 4629 790 4702 honestas
807 4645 900 4702 artes
921 4645 955 4700 et
974 4630 1092 4698 nomi-
1144 4647 1236 4704 terra
1252 4655 1353 4724 saepe
1369 4655 1514 4718 magum
1531 4631 1632 4698 llatirs
1646 4633 1804 4720 evolare,
1832 4649 1864 4704 et
1881 4635 1959 4704 eiici
1977 4637 2135 4706 lianrmas

90 4763 198 4820 nare,
224 4750 259 4808 et
274 4735 448 4818 venerari,
474 4737 661 4828 praecipue
677 4759 760 4804 vero
776 4735 819 4801 ad
837 4733 992 4801 medicae
1006 4733 1092 4801 artis
1147 4734 1364 4806 etcinerem.
1416 4731 1497 4802 Nou
1517 4731 1626 4820 igitur
1642 4757 1730 4826 aqua
1750 4749 1801 4805 est
1819 4735 2003 4826 praecipua
2021 4763 2136 4830 eausa.

92 4839 334 4912 reverentiam
359 4851 479 4906 nostra
501 4829 596 4906 aetas
620 4834 889 4905 adsuebuieuda
913 4849 982 4916 est,
1009 4833 1094 4926 quia
1146 4835 1235 4907 Nam
1254 4848 1288 4907 et
1304 4835 1497 4928 quiesceret
1511 4857 1620 4926 aqua,
1645 4837 1673 4904 si
1692 4857 1765 4905 nain
1783 4839 1927 4906 aliunde
1944 4839 2137 4928 agitaretur

90 4943 213 5014 multa
233 4943 277 5009 ab
292 4965 330 5009 ea
348 4939 515 5008 beneficia
530 4937 647 5008 statim
664 4953 849 5032 postquam
869 4937 906 5004 in
923 4929 1014 5005 lianc
1037 4935 1095 5004 lu·
1147 4953 1181 5009 et
1196 4937 1391 5020 inllaretnr,
1418 4959 1481 5004 nec
1499 4949 1614 5024 posset
1631 4950 1727 5005 tanta
1745 4939 1902 5010 celeritas
1916 4964 1988 5008 esse
2006 4955 2137 5010 tremo-

89 5069 174 5116 cem
195 5043 280 5112 editi
300 5063 441 5124 sumas,
467 5039 668 5130 accipimus.
720 5039 792 5110 Sed
815 5037 939 5108 omitto
963 5057 1095 5122 causas,
1148 5043 1216 5124 ris,
1241 5039 1268 5109 si
1291 5051 1428 5110 tautum
1449 5037 1545 5106 lieret
1568 5039 1844 5110 tumescentibus
1863 5041 1983 5134 aquis.
2010 5056 2044 5111 et
2062 5067 2140 5112 sae-

91 5160 241 5220 tantum
265 5167 327 5214 vos
348 5167 433 5227 oro,
458 5155 498 5212 nt
521 5165 602 5210 curn
625 5140 759 5226 sciatis,
785 5163 850 5210 nos
873 5163 945 5208 nou
966 5141 1095 5210 debere
1148 5141 1291 5235 pissime
1307 5153 1398 5209 terra
1417 5151 1651 5228 erinaperetur.
1689 5137 1738 5210 aa
1752 5163 1853 5230 saepe
1871 5164 1943 5211 non
1961 5143 2139 5242 rumpitup

92 5251 270 5336 slelngere
305 5245 531 5316 autoritatem
569 5255 753 5336 parentum
789 5255 823 5312 et
856 5241 993 5331 legum,
1040 5265 1096 5310 rue
1150 5245 1187 5314 in
1215 5257 1328 5313 terrae
1356 5241 1521 5310 motiluu.
1582 5237 1744 5310 'l'audem
1778 5243 1884 5332 igitur
1917 5247 2140 5336 pronunciat,

91 5353 405 5441 obtemperantem
430 5345 611 5416 carissimo
634 5345 727 5438 patri
744 5369 822 5416 mco
841 5345 1017 5437 patienter
1032 5367 1097 5412 au·
1150 5367 1312 5435 magnam
1335 5341 1471 5433 copiam
1494 5337 1669 5412 balituum
1696 5344 1866 5412 inclusam
1892 5347 1928 5414 in
1952 5360 2065 5416 terrae
2082 5374 2140 5429 ca,-

91 5451 220 5524 diatis.
941 5495 949 5512 ·
1150 5447 1288 5533 vernis,
1313 5459 1481 5540 tanquam
1500 5459 1640 5529 uentos,
1667 5467 1729 5514 sna
1750 5445 1785 5514 si
1810 5437 1957 5536 agitari,
1982 5461 2013 5518 ct
2030 5449 2142 5540 agita-

149 5559 332 5624 Mirans.
357 5553 463 5628 Orsa.
489 5541 572 5626 Vos..
601 5551 648 5622 Χ.
1478 5543 1528 5617 58
