<?xml version="1.0" encoding="UTF-8"?>
<!DOCTYPE html PUBLIC "-//W3C//DTD XHTML 1.0 Transitional//EN"
    "http://www.w3.org/TR/xhtml1/DTD/xhtml1-transitional.dtd">
<html xmlns="http://www.w3.org/1999/xhtml" xml:lang="en" lang="en">
 <head>
  <title>
</title>
<meta http-equiv="Content-Type" content="text/html;charset=utf-8" />
  <meta name='ocr-system' content='tesseract 3.04.00' />
  <meta name='ocr-capabilities' content='ocr_page ocr_carea ocr_par ocr_line ocrx_word'/>
</head>
<body>
  <div class='ocr_page' id='page_1' title='image "./philippimelanth10bindgoog_0411.png"; bbox 0 0 4652 6178; ppageno 0'>
   <div class='ocr_carea' id='block_1_1' title="bbox 54 287 2108 390">
    <p class='ocr_par' dir='ltr' id='par_1_1' title="bbox 54 287 2108 390">
     <span class='ocr_line' id='line_1_1' title="bbox 54 287 2108 390; baseline 0.006 -18"><span class='ocrx_word' id='word_1_1' title='bbox 54 289 124 372; x_wconf 77' lang='lat' dir='ltr'><strong>tta</strong></span> <span class='ocrx_word' id='word_1_2' title='bbox 650 293 1071 390; x_wconf 74' lang='lat' dir='ltr'><strong>Qvausrtontss</strong></span> <span class='ocrx_word' id='word_1_3' title='bbox 1106 287 1505 371; x_wconf 80' lang='lat' dir='ltr'>ACADEMICAE.</span> <span class='ocrx_word' id='word_1_4' title='bbox 2034 313 2108 384; x_wconf 79' lang='grc'><strong>786</strong></span> 
     </span>
    </p>
   </div>
   <div class='ocr_carea' id='block_1_2' title="bbox 48 461 2138 2824">
    <p class='ocr_par' dir='ltr' id='par_1_2' title="bbox 48 461 2138 2824">
     <span class='ocr_line' id='line_1_2' title="bbox 52 461 2112 580; baseline 0.015 -58"><span class='ocrx_word' id='word_1_5' title='bbox 52 467 159 540; x_wconf 62' lang='lat' dir='ltr'><strong>,fiam</strong></span> <span class='ocrx_word' id='word_1_6' title='bbox 181 489 259 537; x_wconf 70' lang='lat' dir='ltr'><strong>rem</strong></span> <span class='ocrx_word' id='word_1_7' title='bbox 285 465 416 560; x_wconf 79' lang='lat' dir='ltr'><strong>ipsam,</strong></span> <span class='ocrx_word' id='word_1_8' title='bbox 444 463 512 540; x_wconf 90' lang='lat' dir='ltr'><strong>boc</strong></span> <span class='ocrx_word' id='word_1_9' title='bbox 534 481 607 560; x_wconf 89' lang='lat' dir='ltr'><strong>est,</strong></span> <span class='ocrx_word' id='word_1_10' title='bbox 634 469 791 542; x_wconf 82' lang='lat' dir='ltr'><strong>officium</strong></span> <span class='ocrx_word' id='word_1_11' title='bbox 817 469 993 558; x_wconf 87' lang='lat' dir='ltr'><strong>docendi,</strong></span> <span class='ocrx_word' id='word_1_12' title='bbox 1019 484 1052 542; x_wconf 92' lang='lat' dir='ltr'><strong>et</strong></span> <span class='ocrx_word' id='word_1_13' title='bbox 1077 469 1083 580; x_wconf 68' lang='lat' dir='ltr'><strong>f</strong></span> <span class='ocrx_word' id='word_1_14' title='bbox 1106 467 1146 537; x_wconf 86' lang='lat' dir='ltr'><strong>in</strong></span> <span class='ocrx_word' id='word_1_15' title='bbox 1164 477 1304 538; x_wconf 84' lang='lat' dir='ltr'><strong>notura</strong></span> <span class='ocrx_word' id='word_1_16' title='bbox 1320 476 1352 538; x_wconf 87' lang='lat' dir='ltr'><strong>et</strong></span> <span class='ocrx_word' id='word_1_17' title='bbox 1368 465 1527 537; x_wconf 84' lang='lat' dir='ltr'><strong>materia</strong></span> <span class='ocrx_word' id='word_1_18' title='bbox 1546 461 1774 560; x_wconf 80' lang='lat' dir='ltr'><strong>onrniafieri</strong></span> <span class='ocrx_word' id='word_1_19' title='bbox 1792 476 2017 564; x_wconf 79' lang='lat' dir='ltr'><strong>necessario,</strong></span> <span class='ocrx_word' id='word_1_20' title='bbox 2043 479 2112 552; x_wconf 84' lang='lat' dir='ltr'><strong>sed</strong></span> 
     </span>
     <span class='ocr_line' id='line_1_3' title="bbox 51 561 2106 676; baseline 0.011 -33"><span class='ocrx_word' id='word_1_21' title='bbox 51 573 211 644; x_wconf 90' lang='lat' dir='ltr'><strong>laborem</strong></span> <span class='ocrx_word' id='word_1_22' title='bbox 227 570 438 641; x_wconf 80' lang='lat' dir='ltr'><strong>confutandi</strong></span> <span class='ocrx_word' id='word_1_23' title='bbox 452 573 673 644; x_wconf 89' lang='lat' dir='ltr'><strong>adversarios</strong></span> <span class='ocrx_word' id='word_1_24' title='bbox 682 571 884 664; x_wconf 88' lang='lat' dir='ltr'><strong>Evangelii,</strong></span> <span class='ocrx_word' id='word_1_25' title='bbox 905 575 942 648; x_wconf 93' lang='lat' dir='ltr'><strong>id</strong></span> <span class='ocrx_word' id='word_1_26' title='bbox 956 577 1051 669; x_wconf 92' lang='lat' dir='ltr'><strong>quod</strong></span> <span class='ocrx_word' id='word_1_27' title='bbox 1078 583 1081 632; x_wconf 71' lang='grc' dir='ltr'><strong><em>ἲ</em></strong></span> <span class='ocrx_word' id='word_1_28' title='bbox 1105 569 1218 642; x_wconf 83' lang='lat' dir='ltr'><strong>etlam</strong></span> <span class='ocrx_word' id='word_1_29' title='bbox 1236 568 1461 642; x_wconf 83' lang='lat' dir='ltr'><strong>voluntatem</strong></span> <span class='ocrx_word' id='word_1_30' title='bbox 1478 569 1518 639; x_wconf 86' lang='lat' dir='ltr'><strong>in</strong></span> <span class='ocrx_word' id='word_1_31' title='bbox 1538 561 1774 659; x_wconf 75' lang='lat' dir='ltr'><strong>hominibus,</strong></span> <span class='ocrx_word' id='word_1_32' title='bbox 1802 572 1899 646; x_wconf 60' lang='grc' dir='ltr'><strong>ΝΜ</strong></span> <span class='ocrx_word' id='word_1_33' title='bbox 1920 583 2106 676; x_wconf 52' lang='lat' dir='ltr'><strong>mittam</strong></span> 
     </span>
     <span class='ocr_line' id='line_1_4' title="bbox 50 633 2105 774; baseline 0.014 -28"><span class='ocrx_word' id='word_1_34' title='bbox 50 673 187 746; x_wconf 88' lang='lat' dir='ltr'><strong>Paulus</strong></span> <span class='ocrx_word' id='word_1_35' title='bbox 211 687 312 744; x_wconf 87' lang='lat' dir='ltr'><strong>vocat</strong></span> <span class='ocrx_word' id='word_1_36' title='bbox 335 675 471 744; x_wconf 89' lang='lat' dir='ltr'><strong>bonum</strong></span> <span class='ocrx_word' id='word_1_37' title='bbox 494 701 601 768; x_wconf 89' lang='lat' dir='ltr'><strong>opus,</strong></span> <span class='ocrx_word' id='word_1_38' title='bbox 628 689 661 746; x_wconf 91' lang='lat' dir='ltr'><strong>et</strong></span> <span class='ocrx_word' id='word_1_39' title='bbox 682 671 848 747; x_wconf 89' lang='lat' dir='ltr'><strong>Christus</strong></span> <span class='ocrx_word' id='word_1_40' title='bbox 871 678 973 748; x_wconf 89' lang='lat' dir='ltr'><strong>dicit:</strong></span> <span class='ocrx_word' id='word_1_41' title='bbox 997 677 1053 749; x_wconf 88' lang='lat' dir='ltr'><strong>Sit</strong></span> <span class='ocrx_word' id='word_1_42' title='bbox 1077 633 1081 746; x_wconf 91' lang='lat' dir='ltr'><strong>l</strong></span> <span class='ocrx_word' id='word_1_43' title='bbox 1105 673 1311 745; x_wconf 78' lang='lat' dir='ltr'><strong>necessario</strong></span> <span class='ocrx_word' id='word_1_44' title='bbox 1343 697 1474 766; x_wconf 76' lang='lat' dir='ltr'><strong>agere,</strong></span> <span class='ocrx_word' id='word_1_45' title='bbox 1510 671 1585 743; x_wconf 51' lang='grc' dir='ltr'><strong>εἶμι</strong></span> <span class='ocrx_word' id='word_1_46' title='bbox 1612 667 1787 750; x_wconf 69' lang='lat' dir='ltr'><strong>h⁰¹⁸⁶=⁹¹⁰⁶</strong></span> <span class='ocrx_word' id='word_1_47' title='bbox 1820 678 1897 750; x_wconf 57' lang='lat' dir='ltr'><strong>⁸¹⁰!st</strong></span> <span class='ocrx_word' id='word_1_48' title='bbox 1932 683 2105 774; x_wconf 60' lang='grc' dir='ltr'><strong>(361ῘοΜῆ</strong></span> 
     </span>
     <span class='ocr_line' id='line_1_5' title="bbox 50 755 1423 874; baseline 0.007 -26"><span class='ocrx_word' id='word_1_49' title='bbox 50 792 168 848; x_wconf 88' lang='lat' dir='ltr'><strong>vester</strong></span> <span class='ocrx_word' id='word_1_50' title='bbox 185 777 356 849; x_wconf 83' lang='lat' dir='ltr'><strong>minister.</strong></span> <span class='ocrx_word' id='word_1_51' title='bbox 409 775 516 847; x_wconf 88' lang='lat' dir='ltr'><strong>Tales</strong></span> <span class='ocrx_word' id='word_1_52' title='bbox 534 793 618 850; x_wconf 87' lang='lat' dir='ltr'><strong>sunt</strong></span> <span class='ocrx_word' id='word_1_53' title='bbox 635 779 729 848; x_wconf 93' lang='lat' dir='ltr'><strong>dona</strong></span> <span class='ocrx_word' id='word_1_54' title='bbox 747 779 832 866; x_wconf 92' lang='lat' dir='ltr'><strong>Dei,</strong></span> <span class='ocrx_word' id='word_1_55' title='bbox 859 783 902 850; x_wconf 92' lang='lat' dir='ltr'><strong>de</strong></span> <span class='ocrx_word' id='word_1_56' title='bbox 921 779 1053 874; x_wconf 91' lang='lat' dir='ltr'><strong>quibus</strong></span> <span class='ocrx_word' id='word_1_57' title='bbox 1077 755 1080 864; x_wconf 83' lang='lat' dir='ltr'><strong>l</strong></span> <span class='ocrx_word' id='word_1_58' title='bbox 1104 775 1181 848; x_wconf 79' lang='lat' dir='ltr'><strong>slve</strong></span> <span class='ocrx_word' id='word_1_59' title='bbox 1197 773 1423 846; x_wconf 65' lang='lat' dir='ltr'><strong>scelerum?</strong></span> 
     </span>
     <span class='ocr_line' id='line_1_6' title="bbox 50 869 2105 967; baseline 0.017 -15"><span class='ocrx_word' id='word_1_60' title='bbox 50 879 187 952; x_wconf 91' lang='lat' dir='ltr'><strong>Paulus</strong></span> <span class='ocrx_word' id='word_1_61' title='bbox 200 903 242 948; x_wconf 85' lang='lat' dir='ltr'><strong>es</strong></span> <span class='ocrx_word' id='word_1_62' title='bbox 258 877 399 948; x_wconf 82' lang='lat' dir='ltr'><strong>Psalmo</strong></span> <span class='ocrx_word' id='word_1_63' title='bbox 413 880 518 967; x_wconf 89' lang='lat' dir='ltr'><strong>dicit,</strong></span> <span class='ocrx_word' id='word_1_64' title='bbox 545 896 585 952; x_wconf 93' lang='lat' dir='ltr'><strong>ut</strong></span> <span class='ocrx_word' id='word_1_65' title='bbox 600 876 708 952; x_wconf 89' lang='lat' dir='ltr'><strong>hodie</strong></span> <span class='ocrx_word' id='word_1_66' title='bbox 723 881 888 954; x_wconf 90' lang='lat' dir='ltr'><strong>audistis:</strong></span> <span class='ocrx_word' id='word_1_67' title='bbox 915 881 1052 953; x_wconf 87' lang='lat' dir='ltr'><strong>Ascen-</strong></span> <span class='ocrx_word' id='word_1_68' title='bbox 1077 869 1080 907; x_wconf 87' lang='lat'>&#39;</span> <span class='ocrx_word' id='word_1_69' title='bbox 1207 877 1285 950; x_wconf 86' lang='lat' dir='ltr'><strong>Etsi</strong></span> <span class='ocrx_word' id='word_1_70' title='bbox 1301 895 1419 950; x_wconf 64' lang='lat' dir='ltr'><strong>aulem</strong></span> <span class='ocrx_word' id='word_1_71' title='bbox 1437 879 1566 949; x_wconf 55' lang='lat'><strong>“5¹³⁸</strong></span> <span class='ocrx_word' id='word_1_72' title='bbox 1581 883 1626 952; x_wconf 66' lang='lat'><strong>‘¹⁰</strong></span> <span class='ocrx_word' id='word_1_73' title='bbox 1642 876 1707 952; x_wconf 67' lang='lat' dir='ltr'><strong>hic</strong></span> <span class='ocrx_word' id='word_1_74' title='bbox 1724 889 1964 958; x_wconf 63' lang='lat' dir='ltr'><strong>⁰⁰¹³¹l⁰l²l⁵l³</strong></span> <span class='ocrx_word' id='word_1_75' title='bbox 1982 891 2018 960; x_wconf 60' lang='lat'><strong>5¹¹</strong></span> <span class='ocrx_word' id='word_1_76' title='bbox 2038 887 2105 963; x_wconf 65' lang='lat'><strong>¹¹³⁰</strong></span> 
     </span>
     <span class='ocr_line' id='line_1_7' title="bbox 50 977 2103 1076; baseline 0.006 -22"><span class='ocrx_word' id='word_1_77' title='bbox 50 987 140 1054; x_wconf 87' lang='lat' dir='ltr'><strong>dens</strong></span> <span class='ocrx_word' id='word_1_78' title='bbox 163 978 329 1052; x_wconf 85' lang='lat' dir='ltr'><strong>Christus</strong></span> <span class='ocrx_word' id='word_1_79' title='bbox 354 981 394 1050; x_wconf 91' lang='lat' dir='ltr'><strong>in</strong></span> <span class='ocrx_word' id='word_1_80' title='bbox 422 983 555 1070; x_wconf 88' lang='lat' dir='ltr'><strong>altum,</strong></span> <span class='ocrx_word' id='word_1_81' title='bbox 585 985 684 1055; x_wconf 91' lang='lat' dir='ltr'><strong>dedit</strong></span> <span class='ocrx_word' id='word_1_82' title='bbox 705 985 802 1055; x_wconf 86' lang='lat' dir='ltr'><strong>dona</strong></span> <span class='ocrx_word' id='word_1_83' title='bbox 834 980 1051 1054; x_wconf 80' lang='lat' dir='ltr'><strong>hominibus.</strong></span> <span class='ocrx_word' id='word_1_84' title='bbox 1104 977 1225 1052; x_wconf 88' lang='lat' dir='ltr'><strong>schola</strong></span> <span class='ocrx_word' id='word_1_85' title='bbox 1241 978 1309 1052; x_wconf 89' lang='lat' dir='ltr'><strong>Dei</strong></span> <span class='ocrx_word' id='word_1_86' title='bbox 1333 981 1505 1052; x_wconf 84' lang='lat' dir='ltr'><strong>beneficio</strong></span> <span class='ocrx_word' id='word_1_87' title='bbox 1522 984 1607 1053; x_wconf 90' lang='lat' dir='ltr'><strong>satis</strong></span> <span class='ocrx_word' id='word_1_88' title='bbox 1624 986 1794 1076; x_wconf 78' lang='lat' dir='ltr'><strong>patefacta</strong></span> <span class='ocrx_word' id='word_1_89' title='bbox 1810 1003 1879 1074; x_wconf 89' lang='lat' dir='ltr'><strong>est,</strong></span> <span class='ocrx_word' id='word_1_90' title='bbox 1902 1005 2021 1064; x_wconf 90' lang='lat' dir='ltr'><strong>tamen</strong></span> <span class='ocrx_word' id='word_1_91' title='bbox 2047 1021 2103 1064; x_wconf 91' lang='lat' dir='ltr'><strong>re-</strong></span> 
     </span>
     <span class='ocr_line' id='line_1_8' title="bbox 50 1083 2104 1181; baseline 0.012 -38"><span class='ocrx_word' id='word_1_92' title='bbox 50 1089 156 1162; x_wconf 69' lang='lat' dir='ltr'><strong>Dona</strong></span> <span class='ocrx_word' id='word_1_93' title='bbox 191 1085 242 1154; x_wconf 85' lang='lat' dir='ltr'><strong>sic</strong></span> <span class='ocrx_word' id='word_1_94' title='bbox 278 1084 439 1176; x_wconf 78' lang='lat' dir='ltr'><strong>exponit:</strong></span> <span class='ocrx_word' id='word_1_95' title='bbox 488 1083 597 1158; x_wconf 91' lang='lat' dir='ltr'><strong>Dedit</strong></span> <span class='ocrx_word' id='word_1_96' title='bbox 632 1089 806 1181; x_wconf 87' lang='lat' dir='ltr'><strong>quosdam</strong></span> <span class='ocrx_word' id='word_1_97' title='bbox 840 1085 1051 1180; x_wconf 70' lang='lat' dir='ltr'><strong>Apostolos,</strong></span> <span class='ocrx_word' id='word_1_98' title='bbox 1105 1086 1229 1178; x_wconf 90' lang='lat' dir='ltr'><strong>petitio</strong></span> <span class='ocrx_word' id='word_1_99' title='bbox 1257 1099 1292 1155; x_wconf 90' lang='lat' dir='ltr'><strong>et</strong></span> <span class='ocrx_word' id='word_1_100' title='bbox 1325 1085 1482 1156; x_wconf 87' lang='lat' dir='ltr'><strong>illustrat</strong></span> <span class='ocrx_word' id='word_1_101' title='bbox 1522 1109 1683 1171; x_wconf 87' lang='lat' dir='ltr'><strong>causam,</strong></span> <span class='ocrx_word' id='word_1_102' title='bbox 1719 1101 1752 1156; x_wconf 90' lang='lat' dir='ltr'><strong>et</strong></span> <span class='ocrx_word' id='word_1_103' title='bbox 1785 1104 1879 1162; x_wconf 89' lang='lat' dir='ltr'><strong>recte</strong></span> <span class='ocrx_word' id='word_1_104' title='bbox 1913 1097 2104 1170; x_wconf 70' lang='lat' dir='ltr'>sentientes</span> 
     </span>
     <span class='ocr_line' id='line_1_9' title="bbox 49 1181 2102 1286; baseline 0.005 -26"><span class='ocrx_word' id='word_1_105' title='bbox 49 1191 226 1286; x_wconf 90' lang='lat' dir='ltr'><strong>quosdam</strong></span> <span class='ocrx_word' id='word_1_106' title='bbox 243 1181 451 1279; x_wconf 76' lang='lat' dir='ltr'><strong>Prophetas,</strong></span> <span class='ocrx_word' id='word_1_107' title='bbox 478 1191 651 1282; x_wconf 90' lang='lat' dir='ltr'><strong>quosdam</strong></span> <span class='ocrx_word' id='word_1_108' title='bbox 669 1185 935 1280; x_wconf 84' lang='lat' dir='ltr'><strong>Evangelistas,</strong></span> <span class='ocrx_word' id='word_1_109' title='bbox 961 1191 1051 1260; x_wconf 89' lang='lat' dir='ltr'><strong>alios</strong></span> <span class='ocrx_word' id='word_1_110' title='bbox 1105 1189 1299 1258; x_wconf 86' lang='lat' dir='ltr'><strong>confirmat.</strong></span> <span class='ocrx_word' id='word_1_111' title='bbox 1352 1184 1399 1258; x_wconf 84' lang='lat' dir='ltr'><strong>Et</strong></span> <span class='ocrx_word' id='word_1_112' title='bbox 1414 1183 1598 1276; x_wconf 88' lang='lat' dir='ltr'><strong>Epictetus</strong></span> <span class='ocrx_word' id='word_1_113' title='bbox 1615 1190 1748 1284; x_wconf 90' lang='lat' dir='ltr'><strong>inquit:</strong></span> <span class='ocrx_word' id='word_1_114' title='bbox 1777 1190 1857 1262; x_wconf 89' lang='lat' dir='ltr'><strong>Non</strong></span> <span class='ocrx_word' id='word_1_115' title='bbox 1881 1197 1984 1267; x_wconf 80' lang='lat' dir='ltr'><strong>facile</strong></span> <span class='ocrx_word' id='word_1_116' title='bbox 2003 1226 2102 1270; x_wconf 90' lang='lat' dir='ltr'><strong>men-</strong></span> 
     </span>
     <span class='ocr_line' id='line_1_10' title="bbox 50 1287 2103 1394; baseline 0.012 -34"><span class='ocrx_word' id='word_1_117' title='bbox 50 1307 168 1365; x_wconf 82' lang='lat' dir='ltr'><strong>autem</strong></span> <span class='ocrx_word' id='word_1_118' title='bbox 187 1291 351 1360; x_wconf 87' lang='lat' dir='ltr'><strong>Pastorcs</strong></span> <span class='ocrx_word' id='word_1_119' title='bbox 365 1303 400 1360; x_wconf 90' lang='lat' dir='ltr'><strong>et</strong></span> <span class='ocrx_word' id='word_1_120' title='bbox 415 1287 600 1378; x_wconf 76' lang='lat' dir='ltr'><strong>Doctores,</strong></span> <span class='ocrx_word' id='word_1_121' title='bbox 621 1295 665 1361; x_wconf 90' lang='lat' dir='ltr'><strong>ad</strong></span> <span class='ocrx_word' id='word_1_122' title='bbox 683 1293 963 1364; x_wconf 86' lang='lat' dir='ltr'><strong>aedificationem</strong></span> <span class='ocrx_word' id='word_1_123' title='bbox 981 1289 1052 1362; x_wconf 89' lang='lat' dir='ltr'><strong>Ec·</strong></span> <span class='ocrx_word' id='word_1_124' title='bbox 1106 1306 1156 1362; x_wconf 91' lang='lat' dir='ltr'><strong>tes</strong></span> <span class='ocrx_word' id='word_1_125' title='bbox 1173 1293 1300 1382; x_wconf 87' lang='lat' dir='ltr'><strong>dogma</strong></span> <span class='ocrx_word' id='word_1_126' title='bbox 1317 1291 1465 1384; x_wconf 79' lang='lat' dir='ltr'><strong>aliquod</strong></span> <span class='ocrx_word' id='word_1_127' title='bbox 1481 1289 1629 1362; x_wconf 86' lang='lat' dir='ltr'><strong>firmiter</strong></span> <span class='ocrx_word' id='word_1_128' title='bbox 1645 1295 1830 1386; x_wconf 72' lang='lat' dir='ltr'><strong>amplecti,</strong></span> <span class='ocrx_word' id='word_1_129' title='bbox 1856 1299 1926 1368; x_wconf 67' lang='lat' dir='ltr'><strong>nlssl</strong></span> <span class='ocrx_word' id='word_1_130' title='bbox 1943 1305 2103 1394; x_wconf 77' lang='lat' dir='ltr'><strong>quolltlle</strong></span> 
     </span>
     <span class='ocr_line' id='line_1_11' title="bbox 49 1387 2104 1486; baseline 0.014 -35"><span class='ocrx_word' id='word_1_131' title='bbox 49 1397 177 1468; x_wconf 50' lang='lat' dir='ltr'><strong>&lt;lasiae</strong></span> <span class='ocrx_word' id='word_1_132' title='bbox 194 1387 349 1473; x_wconf 85' lang='lat' dir='ltr'><strong>Christi,</strong></span> <span class='ocrx_word' id='word_1_133' title='bbox 375 1407 440 1466; x_wconf 88' lang='lat' dir='ltr'><strong>etc.</strong></span> <span class='ocrx_word' id='word_1_134' title='bbox 491 1392 590 1464; x_wconf 92' lang='lat' dir='ltr'><strong>Deus</strong></span> <span class='ocrx_word' id='word_1_135' title='bbox 608 1389 800 1466; x_wconf 89' lang='lat' dir='ltr'><strong>bonoravit</strong></span> <span class='ocrx_word' id='word_1_136' title='bbox 818 1392 915 1466; x_wconf 90' lang='lat' dir='ltr'><strong>bunc</strong></span> <span class='ocrx_word' id='word_1_137' title='bbox 931 1394 1051 1486; x_wconf 89' lang='lat' dir='ltr'><strong>Magi·</strong></span> <span class='ocrx_word' id='word_1_138' title='bbox 1105 1393 1227 1462; x_wconf 91' lang='lat' dir='ltr'><strong>eadem</strong></span> <span class='ocrx_word' id='word_1_139' title='bbox 1254 1393 1374 1464; x_wconf 90' lang='lat' dir='ltr'><strong>dicant</strong></span> <span class='ocrx_word' id='word_1_140' title='bbox 1398 1407 1433 1464; x_wconf 89' lang='lat' dir='ltr'><strong>et</strong></span> <span class='ocrx_word' id='word_1_141' title='bbox 1463 1394 1629 1476; x_wconf 90' lang='lat' dir='ltr'><strong>audiant,</strong></span> <span class='ocrx_word' id='word_1_142' title='bbox 1665 1410 1700 1466; x_wconf 90' lang='lat' dir='ltr'><strong>et</strong></span> <span class='ocrx_word' id='word_1_143' title='bbox 1723 1421 1823 1468; x_wconf 89' lang='lat' dir='ltr'><strong>veras</strong></span> <span class='ocrx_word' id='word_1_144' title='bbox 1851 1407 2043 1475; x_wconf 87' lang='lat' dir='ltr'><strong>sententias</strong></span> <span class='ocrx_word' id='word_1_145' title='bbox 2065 1409 2104 1480; x_wconf 92' lang='lat' dir='ltr'><strong>in</strong></span> 
     </span>
     <span class='ocr_line' id='line_1_12' title="bbox 49 1488 2103 1595; baseline 0.016 -47"><span class='ocrx_word' id='word_1_146' title='bbox 49 1515 163 1570; x_wconf 57' lang='lat' dir='ltr'><strong>,prum</strong></span> <span class='ocrx_word' id='word_1_147' title='bbox 173 1488 418 1568; x_wconf 63' lang='lat' dir='ltr'><strong>Melchiorem</strong></span> <span class='ocrx_word' id='word_1_148' title='bbox 433 1495 567 1587; x_wconf 88' lang='lat' dir='ltr'><strong>insigni</strong></span> <span class='ocrx_word' id='word_1_149' title='bbox 584 1499 786 1568; x_wconf 89' lang='lat' dir='ltr'><strong>eruditione</strong></span> <span class='ocrx_word' id='word_1_150' title='bbox 800 1513 834 1569; x_wconf 88' lang='lat' dir='ltr'><strong>et</strong></span> <span class='ocrx_word' id='word_1_151' title='bbox 849 1500 1052 1588; x_wconf 88' lang='lat' dir='ltr'><strong>cognitione</strong></span> <span class='ocrx_word' id='word_1_152' title='bbox 1104 1497 1176 1566; x_wconf 91' lang='lat' dir='ltr'><strong>vita</strong></span> <span class='ocrx_word' id='word_1_153' title='bbox 1191 1497 1236 1566; x_wconf 90' lang='lat' dir='ltr'><strong>ad</strong></span> <span class='ocrx_word' id='word_1_154' title='bbox 1253 1518 1360 1566; x_wconf 89' lang='lat' dir='ltr'><strong>usum</strong></span> <span class='ocrx_word' id='word_1_155' title='bbox 1375 1497 1600 1571; x_wconf 82' lang='lat' dir='ltr'><strong>transierant.</strong></span> <span class='ocrx_word' id='word_1_156' title='bbox 1651 1495 1705 1568; x_wconf 77' lang='lat' dir='ltr'><strong>Ac</strong></span> <span class='ocrx_word' id='word_1_157' title='bbox 1729 1504 1955 1595; x_wconf 87' lang='lat' dir='ltr'><strong>nosquidcm</strong></span> <span class='ocrx_word' id='word_1_158' title='bbox 1977 1509 2017 1578; x_wconf 93' lang='lat' dir='ltr'><strong>in</strong></span> <span class='ocrx_word' id='word_1_159' title='bbox 2032 1507 2103 1580; x_wconf 82' lang='lat' dir='ltr'><strong>Ec-</strong></span> 
     </span>
     <span class='ocr_line' id='line_1_13' title="bbox 49 1598 2103 1694; baseline 0.008 -21"><span class='ocrx_word' id='word_1_160' title='bbox 49 1599 187 1674; x_wconf 87' lang='lat' dir='ltr'><strong>Christi</strong></span> <span class='ocrx_word' id='word_1_161' title='bbox 201 1601 239 1668; x_wconf 91' lang='lat' dir='ltr'><strong>in</strong></span> <span class='ocrx_word' id='word_1_162' title='bbox 257 1599 386 1668; x_wconf 88' lang='lat' dir='ltr'><strong>sanctis</strong></span> <span class='ocrx_word' id='word_1_163' title='bbox 400 1599 602 1690; x_wconf 87' lang='lat' dir='ltr'><strong>scripturis,</strong></span> <span class='ocrx_word' id='word_1_164' title='bbox 626 1615 667 1672; x_wconf 86' lang='lat' dir='ltr'><strong>ut</strong></span> <span class='ocrx_word' id='word_1_165' title='bbox 684 1601 756 1694; x_wconf 90' lang='lat' dir='ltr'><strong>ipse</strong></span> <span class='ocrx_word' id='word_1_166' title='bbox 772 1601 965 1672; x_wconf 82' lang='lat' dir='ltr'><strong>declaravit</strong></span> <span class='ocrx_word' id='word_1_167' title='bbox 982 1626 1051 1670; x_wconf 89' lang='lat' dir='ltr'><strong>nu·</strong></span> <span class='ocrx_word' id='word_1_168' title='bbox 1104 1598 1207 1668; x_wconf 87' lang='lat' dir='ltr'><strong>clesia</strong></span> <span class='ocrx_word' id='word_1_169' title='bbox 1224 1603 1410 1691; x_wconf 91' lang='lat' dir='ltr'><strong>praecipue</strong></span> <span class='ocrx_word' id='word_1_170' title='bbox 1427 1623 1516 1690; x_wconf 87' lang='lat' dir='ltr'><strong>opus</strong></span> <span class='ocrx_word' id='word_1_171' title='bbox 1538 1615 1589 1670; x_wconf 77' lang='lat' dir='ltr'><strong>est</strong></span> <span class='ocrx_word' id='word_1_172' title='bbox 1606 1601 1722 1670; x_wconf 74' lang='lat' dir='ltr'><strong>firmas</strong></span> <span class='ocrx_word' id='word_1_173' title='bbox 1747 1603 1976 1680; x_wconf 70' lang='lat' dir='ltr'><strong>resultationes</strong></span> <span class='ocrx_word' id='word_1_174' title='bbox 1991 1610 2103 1685; x_wconf 77' lang='lat' dir='ltr'><strong>Stoici</strong></span> 
     </span>
     <span class='ocr_line' id='line_1_14' title="bbox 49 1699 2103 1808; baseline 0.019 -38"><span class='ocrx_word' id='word_1_175' title='bbox 49 1729 114 1800; x_wconf 89' lang='lat' dir='ltr'><strong>per</strong></span> <span class='ocrx_word' id='word_1_176' title='bbox 130 1705 169 1773; x_wconf 93' lang='lat' dir='ltr'><strong>in</strong></span> <span class='ocrx_word' id='word_1_177' title='bbox 190 1701 330 1796; x_wconf 90' lang='lat' dir='ltr'><strong>publica</strong></span> <span class='ocrx_word' id='word_1_178' title='bbox 349 1701 602 1793; x_wconf 88' lang='lat' dir='ltr'><strong>disputatione.</strong></span> <span class='ocrx_word' id='word_1_179' title='bbox 656 1701 757 1792; x_wconf 87' lang='lat' dir='ltr'><strong>Quos</strong></span> <span class='ocrx_word' id='word_1_180' title='bbox 771 1729 853 1795; x_wconf 89' lang='lat' dir='ltr'><strong>ergo</strong></span> <span class='ocrx_word' id='word_1_181' title='bbox 870 1701 967 1776; x_wconf 92' lang='lat' dir='ltr'><strong>Deus</strong></span> <span class='ocrx_word' id='word_1_182' title='bbox 984 1699 1051 1773; x_wconf 90' lang='lat' dir='ltr'><strong>ho·</strong></span> <span class='ocrx_word' id='word_1_183' title='bbox 1105 1701 1189 1772; x_wconf 90' lang='lat' dir='ltr'><strong>Fati</strong></span> <span class='ocrx_word' id='word_1_184' title='bbox 1212 1715 1351 1786; x_wconf 76' lang='lat' dir='ltr'><strong>tenere,</strong></span> <span class='ocrx_word' id='word_1_185' title='bbox 1384 1716 1418 1772; x_wconf 68' lang='lat'><strong>⁸¹</strong></span> <span class='ocrx_word' id='word_1_186' title='bbox 1442 1703 1755 1792; x_wconf 64' lang='lat' dir='ltr'><strong>Pl⁰l³l⁰f8l⁰ll³¹¹¹¹</strong></span> <span class='ocrx_word' id='word_1_187' title='bbox 1780 1703 1867 1794; x_wconf 56' lang='lat' dir='ltr'><strong>Diis</strong></span> <span class='ocrx_word' id='word_1_188' title='bbox 1902 1725 1936 1782; x_wconf 60' lang='lat'><strong>‘¹²</strong></span> <span class='ocrx_word' id='word_1_189' title='bbox 1959 1731 2103 1808; x_wconf 67' lang='lat' dir='ltr'><strong>Pf⁰P¹⁰i</strong></span> 
     </span>
     <span class='ocr_line' id='line_1_15' title="bbox 50 1801 2101 1892; baseline 0.012 -26"><span class='ocrx_word' id='word_1_190' title='bbox 50 1809 214 1892; x_wconf 64' lang='lat' dir='ltr'><strong>florevit,</strong></span> <span class='ocrx_word' id='word_1_191' title='bbox 240 1807 411 1873; x_wconf 88' lang='lat' dir='ltr'><strong>debemus</strong></span> <span class='ocrx_word' id='word_1_192' title='bbox 433 1817 467 1874; x_wconf 92' lang='lat' dir='ltr'><strong>et</strong></span> <span class='ocrx_word' id='word_1_193' title='bbox 492 1829 559 1876; x_wconf 90' lang='lat' dir='ltr'><strong>nos</strong></span> <span class='ocrx_word' id='word_1_194' title='bbox 580 1801 769 1881; x_wconf 86' lang='lat' dir='ltr'><strong>honorare.</strong></span> <span class='ocrx_word' id='word_1_195' title='bbox 822 1805 946 1877; x_wconf 89' lang='lat' dir='ltr'><strong>Postea</strong></span> <span class='ocrx_word' id='word_1_196' title='bbox 966 1831 1051 1876; x_wconf 90' lang='lat' dir='ltr'><strong>vero</strong></span> <span class='ocrx_word' id='word_1_197' title='bbox 1105 1829 1223 1874; x_wconf 88' lang='lat' dir='ltr'><strong>veram</strong></span> <span class='ocrx_word' id='word_1_198' title='bbox 1248 1804 1523 1876; x_wconf 83' lang='lat' dir='ltr'><strong>invocationem.</strong></span> <span class='ocrx_word' id='word_1_199' title='bbox 1583 1804 1892 1882; x_wconf 85' lang='lat' dir='ltr'><strong>Contumeliosum</strong></span> <span class='ocrx_word' id='word_1_200' title='bbox 1924 1831 1976 1888; x_wconf 89' lang='lat' dir='ltr'><strong>est</strong></span> <span class='ocrx_word' id='word_1_201' title='bbox 2005 1821 2101 1890; x_wconf 92' lang='lat' dir='ltr'><strong>enim</strong></span> 
     </span>
     <span class='ocr_line' id='line_1_16' title="bbox 51 1899 2101 2018; baseline 0.009 -42"><span class='ocrx_word' id='word_1_202' title='bbox 51 1937 131 1984; x_wconf 85' lang='lat' dir='ltr'><strong>cum</strong></span> <span class='ocrx_word' id='word_1_203' title='bbox 151 1906 210 1979; x_wconf 90' lang='lat' dir='ltr'><strong>hic</strong></span> <span class='ocrx_word' id='word_1_204' title='bbox 224 1899 415 1978; x_wconf 78' lang='lat' dir='ltr'><strong>Melchs&#39;or</strong></span> <span class='ocrx_word' id='word_1_205' title='bbox 428 1909 622 2000; x_wconf 88' lang='lat' dir='ltr'><strong>susceperit</strong></span> <span class='ocrx_word' id='word_1_206' title='bbox 635 1932 740 1978; x_wconf 89' lang='lat' dir='ltr'><strong>suum</strong></span> <span class='ocrx_word' id='word_1_207' title='bbox 758 1913 891 1979; x_wconf 92' lang='lat' dir='ltr'><strong>bonum</strong></span> <span class='ocrx_word' id='word_1_208' title='bbox 910 1934 999 2003; x_wconf 90' lang='lat' dir='ltr'><strong>opus</strong></span> <span class='ocrx_word' id='word_1_209' title='bbox 1018 1923 1051 1980; x_wconf 90' lang='lat' dir='ltr'><strong>et</strong></span> <span class='ocrx_word' id='word_1_210' title='bbox 1104 1910 1274 1978; x_wconf 91' lang='lat' dir='ltr'><strong>adversus</strong></span> <span class='ocrx_word' id='word_1_211' title='bbox 1287 1905 1422 1990; x_wconf 90' lang='lat' dir='ltr'><strong>Deum,</strong></span> <span class='ocrx_word' id='word_1_212' title='bbox 1448 1903 1636 1978; x_wconf 89' lang='lat' dir='ltr'><strong>detrahere</strong></span> <span class='ocrx_word' id='word_1_213' title='bbox 1651 1911 1683 1978; x_wconf 94' lang='lat' dir='ltr'><strong>ei</strong></span> <span class='ocrx_word' id='word_1_214' title='bbox 1706 1911 1924 2002; x_wconf 91' lang='lat' dir='ltr'><strong>libertatern,</strong></span> <span class='ocrx_word' id='word_1_215' title='bbox 1949 1944 2101 2018; x_wconf 88' lang='lat' dir='ltr'><strong>eumque</strong></span> 
     </span>
     <span class='ocr_line' id='line_1_17' title="bbox 50 2007 2102 2114; baseline 0.012 -41"><span class='ocrx_word' id='word_1_216' title='bbox 50 2013 228 2098; x_wconf 72' lang='lat' dir='ltr'><strong>officium,</strong></span> <span class='ocrx_word' id='word_1_217' title='bbox 255 2025 289 2081; x_wconf 88' lang='lat' dir='ltr'><strong>et</strong></span> <span class='ocrx_word' id='word_1_218' title='bbox 311 2012 426 2080; x_wconf 86' lang='lat' dir='ltr'><strong>lactus</strong></span> <span class='ocrx_word' id='word_1_219' title='bbox 449 2011 558 2080; x_wconf 86' lang='lat' dir='ltr'><strong>luerit</strong></span> <span class='ocrx_word' id='word_1_220' title='bbox 581 2012 733 2082; x_wconf 90' lang='lat' dir='ltr'><strong>aliorum</strong></span> <span class='ocrx_word' id='word_1_221' title='bbox 756 2011 939 2095; x_wconf 88' lang='lat' dir='ltr'><strong>minister,</strong></span> <span class='ocrx_word' id='word_1_222' title='bbox 965 2027 1051 2084; x_wconf 89' lang='lat' dir='ltr'><strong>tunc</strong></span> <span class='ocrx_word' id='word_1_223' title='bbox 1104 2010 1205 2105; x_wconf 86' lang='lat' dir='ltr'><strong>quasi</strong></span> <span class='ocrx_word' id='word_1_224' title='bbox 1239 2012 1284 2080; x_wconf 89' lang='lat' dir='ltr'><strong>de</strong></span> <span class='ocrx_word' id='word_1_225' title='bbox 1310 2023 1432 2079; x_wconf 88' lang='lat' dir='ltr'><strong>catena</strong></span> <span class='ocrx_word' id='word_1_226' title='bbox 1457 2007 1647 2082; x_wconf 89' lang='lat' dir='ltr'><strong>Homerica</strong></span> <span class='ocrx_word' id='word_1_227' title='bbox 1679 2014 1839 2086; x_wconf 87' lang='lat' dir='ltr'><strong>vinctum</strong></span> <span class='ocrx_word' id='word_1_228' title='bbox 1872 2026 2102 2114; x_wconf 86' lang='lat' dir='ltr'><strong>suspendere.</strong></span> 
     </span>
     <span class='ocr_line' id='line_1_18' title="bbox 48 2112 2138 2212; baseline 0.013 -39"><span class='ocrx_word' id='word_1_229' title='bbox 48 2119 211 2212; x_wconf 65' lang='lat' dir='ltr'><strong>primum</strong></span> <span class='ocrx_word' id='word_1_230' title='bbox 237 2115 381 2198; x_wconf 86' lang='lat' dir='ltr'><strong>sentiet,</strong></span> <span class='ocrx_word' id='word_1_231' title='bbox 411 2136 448 2182; x_wconf 89' lang='lat' dir='ltr'><strong>se</strong></span> <span class='ocrx_word' id='word_1_232' title='bbox 480 2137 555 2183; x_wconf 92' lang='lat' dir='ltr'><strong>non</strong></span> <span class='ocrx_word' id='word_1_233' title='bbox 586 2127 657 2184; x_wconf 90' lang='lat' dir='ltr'><strong>tam</strong></span> <span class='ocrx_word' id='word_1_234' title='bbox 688 2115 844 2184; x_wconf 89' lang='lat' dir='ltr'><strong>nominis</strong></span> <span class='ocrx_word' id='word_1_235' title='bbox 876 2113 1050 2185; x_wconf 90' lang='lat' dir='ltr'><strong>bonorem</strong></span> <span class='ocrx_word' id='word_1_236' title='bbox 1104 2112 1408 2184; x_wconf 85' lang='lat' dir='ltr'><strong>Contumeliosius</strong></span> <span class='ocrx_word' id='word_1_237' title='bbox 1437 2125 1489 2182; x_wconf 89' lang='lat' dir='ltr'><strong>est</strong></span> <span class='ocrx_word' id='word_1_238' title='bbox 1513 2113 1638 2194; x_wconf 87' lang='lat' dir='ltr'><strong>etiam,</strong></span> <span class='ocrx_word' id='word_1_239' title='bbox 1667 2116 1780 2186; x_wconf 83' lang='lat' dir='ltr'><strong>lacere</strong></span> <span class='ocrx_word' id='word_1_240' title='bbox 1805 2143 1885 2190; x_wconf 92' lang='lat' dir='ltr'><strong>eum</strong></span> <span class='ocrx_word' id='word_1_241' title='bbox 1911 2120 2100 2198; x_wconf 82' lang='lat' dir='ltr'><strong>authorem</strong></span> <span class='ocrx_word' id='word_1_242' title='bbox 2131 2135 2138 2146; x_wconf 88' lang='lat'>&#39;</span> 
     </span>
     <span class='ocr_line' id='line_1_19' title="bbox 49 2211 2102 2314; baseline 0.014 -38"><span class='ocrx_word' id='word_1_243' title='bbox 49 2212 264 2314; x_wconf 72' lang='lat' dir='ltr'><strong>quaesiisse,</strong></span> <span class='ocrx_word' id='word_1_244' title='bbox 289 2241 394 2311; x_wconf 90' lang='lat' dir='ltr'><strong>quam</strong></span> <span class='ocrx_word' id='word_1_245' title='bbox 419 2215 578 2286; x_wconf 89' lang='lat' dir='ltr'><strong>laborem</strong></span> <span class='ocrx_word' id='word_1_246' title='bbox 597 2231 632 2287; x_wconf 92' lang='lat' dir='ltr'><strong>et</strong></span> <span class='ocrx_word' id='word_1_247' title='bbox 645 2217 818 2292; x_wconf 90' lang='lat' dir='ltr'><strong>dolorem.</strong></span> <span class='ocrx_word' id='word_1_248' title='bbox 871 2217 932 2289; x_wconf 87' lang='lat' dir='ltr'><strong>Sic</strong></span> <span class='ocrx_word' id='word_1_249' title='bbox 955 2219 1050 2287; x_wconf 91' lang='lat' dir='ltr'><strong>enim</strong></span> <span class='ocrx_word' id='word_1_250' title='bbox 1105 2215 1278 2286; x_wconf 88' lang='lat' dir='ltr'><strong>scelerum</strong></span> <span class='ocrx_word' id='word_1_251' title='bbox 1293 2213 1447 2299; x_wconf 88' lang='lat' dir='ltr'><strong>Paridis,</strong></span> <span class='ocrx_word' id='word_1_252' title='bbox 1466 2211 1631 2300; x_wconf 89' lang='lat' dir='ltr'><strong>Neronis,</strong></span> <span class='ocrx_word' id='word_1_253' title='bbox 1649 2233 1685 2290; x_wconf 89' lang='lat' dir='ltr'><strong>et</strong></span> <span class='ocrx_word' id='word_1_254' title='bbox 1698 2219 1880 2295; x_wconf 86' lang='lat' dir='ltr'><strong>similium.</strong></span> <span class='ocrx_word' id='word_1_255' title='bbox 1917 2224 2102 2304; x_wconf 86' lang='lat' dir='ltr'><strong>Necenirn</strong></span> 
     </span>
     <span class='ocr_line' id='line_1_20' title="bbox 49 2314 2102 2424; baseline 0.014 -48"><span class='ocrx_word' id='word_1_256' title='bbox 49 2327 220 2393; x_wconf 61' lang='lat' dir='ltr'><strong>fecerunt</strong></span> <span class='ocrx_word' id='word_1_257' title='bbox 234 2333 267 2390; x_wconf 82' lang='lat' dir='ltr'><strong>et</strong></span> <span class='ocrx_word' id='word_1_258' title='bbox 282 2314 487 2412; x_wconf 84' lang='lat' dir='ltr'><strong>Prophetis,</strong></span> <span class='ocrx_word' id='word_1_259' title='bbox 513 2321 574 2414; x_wconf 92' lang='lat' dir='ltr'><strong>qui</strong></span> <span class='ocrx_word' id='word_1_260' title='bbox 594 2321 740 2390; x_wconf 83' lang='lat' dir='ltr'><strong>fuerunt</strong></span> <span class='ocrx_word' id='word_1_261' title='bbox 755 2333 836 2391; x_wconf 91' lang='lat' dir='ltr'><strong>ante</strong></span> <span class='ocrx_word' id='word_1_262' title='bbox 852 2345 926 2396; x_wconf 91' lang='lat' dir='ltr'><strong>vos.</strong></span> <span class='ocrx_word' id='word_1_263' title='bbox 977 2317 1052 2392; x_wconf 84' lang='lat' dir='ltr'><strong>Ex·</strong></span> <span class='ocrx_word' id='word_1_264' title='bbox 1103 2319 1192 2388; x_wconf 83' lang='lat' dir='ltr'><strong>falsa</strong></span> <span class='ocrx_word' id='word_1_265' title='bbox 1217 2330 1252 2388; x_wconf 89' lang='lat' dir='ltr'><strong>et</strong></span> <span class='ocrx_word' id='word_1_266' title='bbox 1273 2319 1478 2388; x_wconf 88' lang='lat' dir='ltr'><strong>detestanda</strong></span> <span class='ocrx_word' id='word_1_267' title='bbox 1501 2321 1677 2390; x_wconf 85' lang='lat' dir='ltr'><strong>excusatio</strong></span> <span class='ocrx_word' id='word_1_268' title='bbox 1699 2323 1876 2396; x_wconf 88' lang='lat' dir='ltr'><strong>audienda</strong></span> <span class='ocrx_word' id='word_1_269' title='bbox 1899 2341 1969 2416; x_wconf 86' lang='lat' dir='ltr'><strong>est,</strong></span> <span class='ocrx_word' id='word_1_270' title='bbox 1995 2357 2102 2424; x_wconf 81' lang='lat' dir='ltr'><strong>qtram</strong></span> 
     </span>
     <span class='ocr_line' id='line_1_21' title="bbox 52 2419 2103 2517; baseline 0.027 -62"><span class='ocrx_word' id='word_1_271' title='bbox 52 2420 476 2516; x_wconf 53' lang='lat' dir='ltr'><strong>perwffldeMagimo·</strong></span> <span class='ocrx_word' id='word_1_272' title='bbox 525 2421 621 2498; x_wconf 53' lang='lat' dir='ltr'><strong>Dixi,</strong></span> <span class='ocrx_word' id='word_1_273' title='bbox 828 2457 836 2476; x_wconf 83' lang='lat'><strong>·</strong></span> <span class='ocrx_word' id='word_1_274' title='bbox 1105 2421 1255 2492; x_wconf 90' lang='lat' dir='ltr'><strong>recitant</strong></span> <span class='ocrx_word' id='word_1_275' title='bbox 1269 2433 1302 2490; x_wconf 91' lang='lat' dir='ltr'><strong>et</strong></span> <span class='ocrx_word' id='word_1_276' title='bbox 1318 2421 1464 2514; x_wconf 87' lang='lat' dir='ltr'><strong>quidam</strong></span> <span class='ocrx_word' id='word_1_277' title='bbox 1490 2419 1700 2511; x_wconf 88' lang='lat' dir='ltr'><strong>interpretes</strong></span> <span class='ocrx_word' id='word_1_278' title='bbox 1717 2423 1961 2517; x_wconf 87' lang='lat' dir='ltr'><strong>Longobardi:</strong></span> <span class='ocrx_word' id='word_1_279' title='bbox 1987 2433 2103 2508; x_wconf 90' lang='lat' dir='ltr'><strong>Deum</strong></span> 
     </span>
     <span class='ocr_line' id='line_1_22' title="bbox 1104 2522 2103 2613; baseline 0.019 -21"><span class='ocrx_word' id='word_1_280' title='bbox 1104 2547 1179 2592; x_wconf 91' lang='lat' dir='ltr'><strong>non</strong></span> <span class='ocrx_word' id='word_1_281' title='bbox 1198 2547 1358 2613; x_wconf 89' lang='lat' dir='ltr'><strong>peccare,</strong></span> <span class='ocrx_word' id='word_1_282' title='bbox 1383 2522 1539 2606; x_wconf 87' lang='lat' dir='ltr'><strong>etiamsi,</strong></span> <span class='ocrx_word' id='word_1_283' title='bbox 1564 2537 1606 2596; x_wconf 85' lang='lat' dir='ltr'><strong>ut</strong></span> <span class='ocrx_word' id='word_1_284' title='bbox 1628 2549 1750 2610; x_wconf 84' lang='lat' dir='ltr'><strong>causa,</strong></span> <span class='ocrx_word' id='word_1_285' title='bbox 1776 2531 1920 2604; x_wconf 88' lang='lat' dir='ltr'><strong>adiuvet</strong></span> <span class='ocrx_word' id='word_1_286' title='bbox 1940 2531 2103 2612; x_wconf 89' lang='lat' dir='ltr'><strong>homiues</strong></span> 
     </span>
     <span class='ocr_line' id='line_1_23' title="bbox 1105 2625 2103 2728; baseline 0.019 -35"><span class='ocrx_word' id='word_1_287' title='bbox 1105 2625 1235 2696; x_wconf 86' lang='lat' dir='ltr'><strong>scelera</strong></span> <span class='ocrx_word' id='word_1_288' title='bbox 1259 2638 1517 2716; x_wconf 90' lang='lat' dir='ltr'><strong>perpetrantes:</strong></span> <span class='ocrx_word' id='word_1_289' title='bbox 1551 2625 1634 2719; x_wconf 89' lang='lat' dir='ltr'><strong>quia</strong></span> <span class='ocrx_word' id='word_1_290' title='bbox 1655 2653 1735 2698; x_wconf 90' lang='lat' dir='ltr'><strong>cum</strong></span> <span class='ocrx_word' id='word_1_291' title='bbox 1752 2627 1848 2702; x_wconf 89' lang='lat' dir='ltr'><strong>Deus</strong></span> <span class='ocrx_word' id='word_1_292' title='bbox 1863 2635 1909 2704; x_wconf 92' lang='lat' dir='ltr'><strong>sit</strong></span> <span class='ocrx_word' id='word_1_293' title='bbox 1925 2661 2031 2728; x_wconf 88' lang='lat' dir='ltr'><strong>supra</strong></span> <span class='ocrx_word' id='word_1_294' title='bbox 2051 2644 2103 2711; x_wconf 87' lang='lat' dir='ltr'><strong>le·</strong></span> 
     </span>
     <span class='ocr_line' id='line_1_24' title="bbox 66 2710 2103 2824; baseline 0.03 -70"><span class='ocrx_word' id='word_1_295' title='bbox 66 2710 138 2786; x_wconf 51' lang='lat' dir='ltr'><strong>No·</strong></span> <span class='ocrx_word' id='word_1_296' title='bbox 155 2711 217 2785; x_wconf 50' lang='lat'><strong>39·</strong></span> <span class='ocrx_word' id='word_1_297' title='bbox 784 2715 835 2780; x_wconf 82' lang='lat'><strong>19.</strong></span> <span class='ocrx_word' id='word_1_298' title='bbox 852 2715 940 2777; x_wconf 81' lang='lat' dir='ltr'><strong>Febr.</strong></span> <span class='ocrx_word' id='word_1_299' title='bbox 957 2715 1051 2778; x_wconf 79' lang='lat'>1549.</span> <span class='ocrx_word' id='word_1_300' title='bbox 1105 2750 1200 2817; x_wconf 82' lang='lat' dir='ltr'><strong>gem,</strong></span> <span class='ocrx_word' id='word_1_301' title='bbox 1223 2727 1329 2796; x_wconf 92' lang='lat' dir='ltr'><strong>licere</strong></span> <span class='ocrx_word' id='word_1_302' title='bbox 1349 2726 1419 2818; x_wconf 90' lang='lat' dir='ltr'><strong>ipsi</strong></span> <span class='ocrx_word' id='word_1_303' title='bbox 1441 2727 1556 2796; x_wconf 89' lang='lat' dir='ltr'><strong>lacere</strong></span> <span class='ocrx_word' id='word_1_304' title='bbox 1578 2727 1748 2824; x_wconf 89' lang='lat' dir='ltr'><strong>quicquid</strong></span> <span class='ocrx_word' id='word_1_305' title='bbox 1770 2733 1867 2806; x_wconf 89' lang='lat' dir='ltr'><strong>libet.</strong></span> <span class='ocrx_word' id='word_1_306' title='bbox 1921 2735 1957 2810; x_wconf 93' lang='grc' dir='ltr'>Ο</span> <span class='ocrx_word' id='word_1_307' title='bbox 1976 2755 2103 2816; x_wconf 87' lang='lat' dir='ltr'><strong>tetram</strong></span> 
     </span>
    </p>
   </div>
   <div class='ocr_carea' id='block_1_3' title="bbox 61 2808 2101 2940">
    <p class='ocr_par' dir='ltr' id='par_1_3' title="bbox 61 2808 2101 2940">
     <span class='ocr_line' id='line_1_25' title="bbox 61 2808 2101 2940; baseline 0.04 -102"><span class='ocrx_word' id='word_1_308' title='bbox 61 2808 234 2840; x_wconf 49' lang='lat' dir='ltr'><strong>ma·-</strong></span> <span class='ocrx_word' id='word_1_309' title='bbox 782 2809 1050 2846; x_wconf 46' lang='grc' dir='ltr'>Μ</span> <span class='ocrx_word' id='word_1_310' title='bbox 1104 2854 1246 2914; x_wconf 85' lang='lat' dir='ltr'><strong>vocem,</strong></span> <span class='ocrx_word' id='word_1_311' title='bbox 1272 2843 1305 2899; x_wconf 87' lang='lat' dir='ltr'><strong>et</strong></span> <span class='ocrx_word' id='word_1_312' title='bbox 1323 2853 1469 2922; x_wconf 88' lang='lat' dir='ltr'><strong>prorsus</strong></span> <span class='ocrx_word' id='word_1_313' title='bbox 1484 2854 1526 2898; x_wconf 83' lang='lat' dir='ltr'><strong>ex</strong></span> <span class='ocrx_word' id='word_1_314' title='bbox 1540 2827 1696 2902; x_wconf 82' lang='lat' dir='ltr'><strong>Ecclesia</strong></span> <span class='ocrx_word' id='word_1_315' title='bbox 1713 2838 1990 2927; x_wconf 84' lang='lat' dir='ltr'><strong>explodendam,</strong></span> <span class='ocrx_word' id='word_1_316' title='bbox 2017 2849 2101 2940; x_wconf 81' lang='lat' dir='ltr'><strong>qstia</strong></span> 
     </span>
    </p>
   </div>
   <div class='ocr_carea' id='block_1_4' title="bbox 124 2907 2150 3050">
    <p class='ocr_par' dir='ltr' id='par_1_4' title="bbox 124 2907 2150 3050">
     <span class='ocr_line' id='line_1_26' title="bbox 124 2907 2150 3050; baseline -0.006 -19"><span class='ocrx_word' id='word_1_317' title='bbox 124 2907 619 3036; x_wconf 48' lang='lat' dir='ltr'><strong>lnelllllrms&#39;el&#39;tllclllrlar.nll¹ttltl</strong></span> <span class='ocrx_word' id='word_1_318' title='bbox 637 2907 1051 3050; x_wconf 47' lang='lat' dir='ltr'><strong>,ll‘l&#39;sffil&#39;isspi1ll‘ffi&#39;sgffl&#39;</strong></span> <span class='ocrx_word' id='word_1_319' title='bbox 1105 2930 1221 3004; x_wconf 89' lang='lat' dir='ltr'><strong>Deum</strong></span> <span class='ocrx_word' id='word_1_320' title='bbox 1249 2932 1403 3002; x_wconf 87' lang='lat' dir='ltr'><strong>similem</strong></span> <span class='ocrx_word' id='word_1_321' title='bbox 1428 2932 1512 3002; x_wconf 86' lang='lat' dir='ltr'><strong>lacit</strong></span> <span class='ocrx_word' id='word_1_322' title='bbox 1542 2933 1759 3025; x_wconf 84' lang='lat' dir='ltr'><strong>turpissimis</strong></span> <span class='ocrx_word' id='word_1_323' title='bbox 1788 2954 1823 3012; x_wconf 88' lang='lat' dir='ltr'><strong>et</strong></span> <span class='ocrx_word' id='word_1_324' title='bbox 1847 2947 2102 3020; x_wconf 87' lang='lat' dir='ltr'><strong>crudelissimis</strong></span> <span class='ocrx_word' id='word_1_325' title='bbox 2138 3011 2150 3018; x_wconf 90' lang='lat'><em>.</em></span> 
     </span>
    </p>
   </div>
   <div class='ocr_carea' id='block_1_5' title="bbox 159 3035 2101 3140">
    <p class='ocr_par' dir='ltr' id='par_1_5' title="bbox 159 3035 2101 3140">
     <span class='ocr_line' id='line_1_27' title="bbox 159 3035 2101 3140; baseline 0.009 -36"><span class='ocrx_word' id='word_1_326' title='bbox 159 3049 216 3107; x_wconf 76' lang='lat' dir='ltr'><strong>bit.</strong></span> <span class='ocrx_word' id='word_1_327' title='bbox 237 3051 312 3109; x_wconf 63' lang='grc' dir='ltr'><strong>ΡΛ.</strong></span> <span class='ocrx_word' id='word_1_328' title='bbox 347 3047 477 3104; x_wconf 77' lang='lat' dir='ltr'><strong>ttichard.</strong></span> <span class='ocrx_word' id='word_1_329' title='bbox 490 3045 523 3103; x_wconf 82' lang='grc' dir='ltr'><strong>Τ.</strong></span> <span class='ocrx_word' id='word_1_330' title='bbox 540 3049 592 3103; x_wconf 83' lang='grc' dir='ltr'><strong>ιιι.</strong></span> <span class='ocrx_word' id='word_1_331' title='bbox 611 3049 710 3119; x_wconf 72' lang='lat' dir='ltr'><strong>petr.</strong></span> <span class='ocrx_word' id='word_1_332' title='bbox 1105 3035 1287 3130; x_wconf 88' lang='lat' dir='ltr'><strong>tyrannis,</strong></span> <span class='ocrx_word' id='word_1_333' title='bbox 1319 3059 1472 3128; x_wconf 86' lang='lat' dir='ltr'><strong>quorum</strong></span> <span class='ocrx_word' id='word_1_334' title='bbox 1505 3036 1644 3106; x_wconf 80' lang='lat' dir='ltr'><strong>furores</strong></span> <span class='ocrx_word' id='word_1_335' title='bbox 1676 3041 1776 3112; x_wconf 81' lang='lat' dir='ltr'><strong>nttlla</strong></span> <span class='ocrx_word' id='word_1_336' title='bbox 1807 3043 2101 3140; x_wconf 84' lang='lat' dir='ltr'><strong>lege&#39;reguntur.</strong></span> 
     </span>
    </p>
   </div>
   <div class='ocr_carea' id='block_1_6' title="bbox 50 3133 2103 3348">
    <p class='ocr_par' dir='ltr' id='par_1_6' title="bbox 50 3133 2103 3348">
     <span class='ocr_line' id='line_1_28' title="bbox 50 3133 2101 3306; baseline -0.006 -20"><span class='ocrx_word' id='word_1_337' title='bbox 50 3217 230 3304; x_wconf 76' lang='lat' dir='ltr'><strong>Quaestio</strong></span> <span class='ocrx_word' id='word_1_338' title='bbox 245 3209 292 3284; x_wconf 77' lang='lat' dir='ltr'><strong>rte</strong></span> <span class='ocrx_word' id='word_1_339' title='bbox 306 3213 396 3282; x_wconf 83' lang='lat' dir='ltr'><strong>Fato</strong></span> <span class='ocrx_word' id='word_1_340' title='bbox 410 3213 559 3299; x_wconf 82' lang='lat' dir='ltr'><strong>Stoico,</strong></span> <span class='ocrx_word' id='word_1_341' title='bbox 585 3213 753 3283; x_wconf 82' lang='lat' dir='ltr'><strong>recitato</strong></span> <span class='ocrx_word' id='word_1_342' title='bbox 768 3231 793 3282; x_wconf 81' lang='lat' dir='ltr'><strong>a</strong></span> <span class='ocrx_word' id='word_1_343' title='bbox 808 3212 908 3306; x_wconf 73' lang='lat' dir='ltr'><strong>Moy.</strong></span> <span class='ocrx_word' id='word_1_344' title='bbox 926 3213 974 3282; x_wconf 89' lang='lat' dir='ltr'><em>M</em></span> <span class='ocrx_word' id='word_1_345' title='bbox 978 3217 1052 3281; x_wconf 89' lang='lat' dir='ltr'><strong>ot·</strong></span> <span class='ocrx_word' id='word_1_346' title='bbox 1104 3137 1237 3256; x_wconf 59' lang='lat' dir='ltr'><strong>Longe·</strong></span> <span class='ocrx_word' id='word_1_347' title='bbox 1246 3137 1350 3208; x_wconf 89' lang='lat' dir='ltr'><strong>aliter</strong></span> <span class='ocrx_word' id='word_1_348' title='bbox 1373 3140 1417 3206; x_wconf 59' lang='lat' dir='ltr'><strong>de</strong></span> <span class='ocrx_word' id='word_1_349' title='bbox 1441 3133 1517 3255; x_wconf 61' lang='lat' dir='ltr'><strong>Ilm</strong></span> <span class='ocrx_word' id='word_1_350' title='bbox 1538 3140 1764 3212; x_wconf 84' lang='lat' dir='ltr'><strong>sentiendum</strong></span> <span class='ocrx_word' id='word_1_351' title='bbox 1790 3159 1861 3228; x_wconf 53' lang='grc' dir='ltr'><strong>ω’</strong></span> <span class='ocrx_word' id='word_1_352' title='bbox 1886 3152 1969 3244; x_wconf 87' lang='lat' dir='ltr'><strong>quia</strong></span> <span class='ocrx_word' id='word_1_353' title='bbox 1990 3153 2101 3276; x_wconf 63' lang='lat' dir='ltr'><strong>l‘glm</strong></span> 
     </span>
     <span class='ocr_line' id='line_1_29' title="bbox 1105 3239 2103 3348; baseline 0.02 -38"><span class='ocrx_word' id='word_1_354' title='bbox 1105 3265 1204 3310; x_wconf 89' lang='lat' dir='ltr'><strong>suam</strong></span> <span class='ocrx_word' id='word_1_355' title='bbox 1227 3241 1307 3310; x_wconf 79' lang='lat' dir='ltr'><strong>adeo</strong></span> <span class='ocrx_word' id='word_1_356' title='bbox 1328 3239 1509 3332; x_wconf 80' lang='lat' dir='ltr'><strong>patefecit,</strong></span> <span class='ocrx_word' id='word_1_357' title='bbox 1541 3257 1582 3313; x_wconf 92' lang='lat' dir='ltr'><strong>ut</strong></span> <span class='ocrx_word' id='word_1_358' title='bbox 1606 3267 1751 3334; x_wconf 89' lang='lat' dir='ltr'><strong>prorsus</strong></span> <span class='ocrx_word' id='word_1_359' title='bbox 1771 3249 1875 3320; x_wconf 89' lang='lat' dir='ltr'><strong>talem</strong></span> <span class='ocrx_word' id='word_1_360' title='bbox 1898 3277 1971 3324; x_wconf 87' lang='lat' dir='ltr'><strong>esse</strong></span> <span class='ocrx_word' id='word_1_361' title='bbox 1992 3282 2103 3348; x_wconf 83' lang='lat' dir='ltr'><strong>rpsrus</strong></span> 
     </span>
    </p>
   </div>
   <div class='ocr_carea' id='block_1_7' title="bbox 76 3312 2102 3451">
    <p class='ocr_par' dir='ltr' id='par_1_7' title="bbox 76 3312 2102 3451">
     <span class='ocr_line' id='line_1_30' title="bbox 76 3312 2102 3451; baseline 0.018 -58"><span class='ocrx_word' id='word_1_362' title='bbox 76 3317 188 3392; x_wconf 73' lang='lat' dir='ltr'><strong>thia</strong></span> <span class='ocrx_word' id='word_1_363' title='bbox 213 3313 550 3403; x_wconf 79' lang='lat' dir='ltr'><strong>Latslerwald,</strong></span> <span class='ocrx_word' id='word_1_364' title='bbox 575 3318 763 3405; x_wconf 74' lang='lat' dir='ltr'><strong>Praetereo,</strong></span> <span class='ocrx_word' id='word_1_365' title='bbox 789 3313 824 3388; x_wconf 82' lang='lat' dir='ltr'><strong>d.</strong></span> <span class='ocrx_word' id='word_1_366' title='bbox 847 3313 903 3388; x_wconf 80' lang='lat'><strong>19.</strong></span> <span class='ocrx_word' id='word_1_367' title='bbox 922 3312 1025 3386; x_wconf 77' lang='lat' dir='ltr'><strong>Febr.</strong></span> <span class='ocrx_word' id='word_1_368' title='bbox 1106 3357 1261 3414; x_wconf 59' lang='lat' dir='ltr'><strong>mensem</strong></span> <span class='ocrx_word' id='word_1_369' title='bbox 1283 3355 1318 3414; x_wconf 67' lang='lat' dir='ltr'><strong>et</strong></span> <span class='ocrx_word' id='word_1_370' title='bbox 1338 3342 1557 3412; x_wconf 79' lang='lat' dir='ltr'><strong>voluntatem</strong></span> <span class='ocrx_word' id='word_1_371' title='bbox 1579 3347 1749 3434; x_wconf 88' lang='lat' dir='ltr'><strong>sciamus,</strong></span> <span class='ocrx_word' id='word_1_372' title='bbox 1773 3353 1893 3444; x_wconf 88' lang='lat' dir='ltr'><strong>qualia</strong></span> <span class='ocrx_word' id='word_1_373' title='bbox 1915 3363 2102 3451; x_wconf 82' lang='lat' dir='ltr'><strong>praecepit.</strong></span> 
     </span>
    </p>
   </div>
   <div class='ocr_carea' id='block_1_8' title="bbox 31 3415 2163 5694">
    <p class='ocr_par' dir='ltr' id='par_1_8' title="bbox 495 3415 2104 3542">
     <span class='ocr_line' id='line_1_31' title="bbox 495 3415 2104 3542; baseline 0.006 -26"><span class='ocrx_word' id='word_1_374' title='bbox 495 3415 603 3492; x_wconf 63' lang='lat'>¹549·</span> <span class='ocrx_word' id='word_1_375' title='bbox 800 3485 803 3492; x_wconf 90' lang='lat'>·</span> <span class='ocrx_word' id='word_1_376' title='bbox 1105 3445 1179 3516; x_wconf 88' lang='lat' dir='ltr'><strong>Nec</strong></span> <span class='ocrx_word' id='word_1_377' title='bbox 1199 3445 1277 3517; x_wconf 88' lang='lat' dir='ltr'><strong>vult</strong></span> <span class='ocrx_word' id='word_1_378' title='bbox 1292 3443 1390 3516; x_wconf 88' lang='lat' dir='ltr'><strong>Deus</strong></span> <span class='ocrx_word' id='word_1_379' title='bbox 1411 3469 1570 3538; x_wconf 87' lang='lat' dir='ltr'><strong>nuquam</strong></span> <span class='ocrx_word' id='word_1_380' title='bbox 1588 3473 1652 3518; x_wconf 88' lang='lat' dir='ltr'><strong>nec</strong></span> <span class='ocrx_word' id='word_1_381' title='bbox 1665 3455 1857 3542; x_wconf 83' lang='lat' dir='ltr'><strong>approbat,</strong></span> <span class='ocrx_word' id='word_1_382' title='bbox 1880 3481 1945 3530; x_wconf 89' lang='lat' dir='ltr'><strong>nec</strong></span> <span class='ocrx_word' id='word_1_383' title='bbox 1959 3463 2104 3536; x_wconf 76' lang='lat' dir='ltr'><strong>adiuvat</strong></span> 
     </span>
    </p>

    <p class='ocr_par' dir='ltr' id='par_1_9' title="bbox 33 3543 2163 5406">
     <span class='ocr_line' id='line_1_32' title="bbox 45 3543 2102 3644; baseline -0 -19"><span class='ocrx_word' id='word_1_384' title='bbox 45 3543 148 3632; x_wconf 87' lang='lat' dir='ltr'><strong>Non</strong></span> <span class='ocrx_word' id='word_1_385' title='bbox 170 3555 287 3625; x_wconf 89' lang='lat' dir='ltr'><strong>solum</strong></span> <span class='ocrx_word' id='word_1_386' title='bbox 311 3575 377 3623; x_wconf 89' lang='lat' dir='ltr'><strong>nos</strong></span> <span class='ocrx_word' id='word_1_387' title='bbox 404 3565 546 3623; x_wconf 81' lang='lat' dir='ltr'><strong>excusat</strong></span> <span class='ocrx_word' id='word_1_388' title='bbox 567 3553 789 3622; x_wconf 88' lang='lat' dir='ltr'><strong>consuetudo</strong></span> <span class='ocrx_word' id='word_1_389' title='bbox 806 3547 966 3632; x_wconf 85' lang='lat' dir='ltr'><strong>scholae,</strong></span> <span class='ocrx_word' id='word_1_390' title='bbox 990 3551 1053 3644; x_wconf 89' lang='lat' dir='ltr'><strong>qui</strong></span> <span class='ocrx_word' id='word_1_391' title='bbox 1106 3551 1179 3620; x_wconf 91' lang='lat' dir='ltr'><strong>ulla</strong></span> <span class='ocrx_word' id='word_1_392' title='bbox 1195 3573 1302 3641; x_wconf 88' lang='lat' dir='ltr'><strong>opera</strong></span> <span class='ocrx_word' id='word_1_393' title='bbox 1322 3549 1516 3640; x_wconf 88' lang='lat' dir='ltr'><strong>pugnantia</strong></span> <span class='ocrx_word' id='word_1_394' title='bbox 1535 3575 1614 3620; x_wconf 88' lang='lat' dir='ltr'><strong>cum</strong></span> <span class='ocrx_word' id='word_1_395' title='bbox 1637 3575 1699 3623; x_wconf 89' lang='lat' dir='ltr'><strong>sua</strong></span> <span class='ocrx_word' id='word_1_396' title='bbox 1714 3555 1801 3644; x_wconf 87' lang='lat' dir='ltr'><strong>lege.</strong></span> <span class='ocrx_word' id='word_1_397' title='bbox 1852 3555 1989 3632; x_wconf 77' lang='lat' dir='ltr'><strong>Eadem</strong></span> <span class='ocrx_word' id='word_1_398' title='bbox 2007 3566 2102 3638; x_wconf 68' lang='lat' dir='ltr'><strong>enim</strong></span> 
     </span>
     <span class='ocr_line' id='line_1_33' title="bbox 46 3649 2105 3761; baseline 0.002 -30"><span class='ocrx_word' id='word_1_399' title='bbox 46 3659 200 3732; x_wconf 90' lang='lat' dir='ltr'><strong>dicendi</strong></span> <span class='ocrx_word' id='word_1_400' title='bbox 223 3669 339 3750; x_wconf 89' lang='lat' dir='ltr'><strong>partes</strong></span> <span class='ocrx_word' id='word_1_401' title='bbox 360 3649 428 3724; x_wconf 89' lang='lat' dir='ltr'><strong>hoc</strong></span> <span class='ocrx_word' id='word_1_402' title='bbox 450 3654 529 3724; x_wconf 88' lang='lat' dir='ltr'><strong>loco</strong></span> <span class='ocrx_word' id='word_1_403' title='bbox 552 3655 657 3724; x_wconf 92' lang='lat' dir='ltr'><strong>nobis</strong></span> <span class='ocrx_word' id='word_1_404' title='bbox 671 3678 746 3724; x_wconf 92' lang='lat' dir='ltr'><strong>non</strong></span> <span class='ocrx_word' id='word_1_405' title='bbox 762 3669 885 3725; x_wconf 91' lang='lat' dir='ltr'><strong>nostro</strong></span> <span class='ocrx_word' id='word_1_406' title='bbox 904 3655 1052 3726; x_wconf 91' lang='lat' dir='ltr'><strong>consilio</strong></span> <span class='ocrx_word' id='word_1_407' title='bbox 1108 3665 1266 3742; x_wconf 88' lang='lat' dir='ltr'><strong>pugnant</strong></span> <span class='ocrx_word' id='word_1_408' title='bbox 1286 3675 1366 3722; x_wconf 93' lang='lat' dir='ltr'><strong>cum</strong></span> <span class='ocrx_word' id='word_1_409' title='bbox 1390 3651 1501 3742; x_wconf 90' lang='lat' dir='ltr'><strong>ipsius</strong></span> <span class='ocrx_word' id='word_1_410' title='bbox 1526 3667 1642 3724; x_wconf 89' lang='lat' dir='ltr'><strong>mente</strong></span> <span class='ocrx_word' id='word_1_411' title='bbox 1663 3671 1697 3728; x_wconf 87' lang='lat' dir='ltr'><strong>et</strong></span> <span class='ocrx_word' id='word_1_412' title='bbox 1712 3657 1912 3750; x_wconf 87' lang='lat' dir='ltr'><strong>voluntate,</strong></span> <span class='ocrx_word' id='word_1_413' title='bbox 1939 3685 2105 3761; x_wconf 87' lang='lat' dir='ltr'><strong>quaeest</strong></span> 
     </span>
     <span class='ocr_line' id='line_1_34' title="bbox 45 3753 1669 3850; baseline -0.004 -16"><span class='ocrx_word' id='word_1_414' title='bbox 45 3764 249 3846; x_wconf 83' lang='lat' dir='ltr'><strong>sumimus,</strong></span> <span class='ocrx_word' id='word_1_415' title='bbox 274 3761 371 3830; x_wconf 89' lang='lat' dir='ltr'><strong>seda</strong></span> <span class='ocrx_word' id='word_1_416' title='bbox 391 3757 679 3850; x_wconf 87' lang='lat' dir='ltr'><strong>praeceptoribus</strong></span> <span class='ocrx_word' id='word_1_417' title='bbox 700 3757 884 3850; x_wconf 87' lang='lat' dir='ltr'><strong>impositas</strong></span> <span class='ocrx_word' id='word_1_418' title='bbox 900 3757 1053 3828; x_wconf 87' lang='lat' dir='ltr'><strong>sustine·</strong></span> <span class='ocrx_word' id='word_1_419' title='bbox 1105 3753 1340 3826; x_wconf 88' lang='lat' dir='ltr'><strong>immutabilis</strong></span> <span class='ocrx_word' id='word_1_420' title='bbox 1357 3779 1482 3822; x_wconf 89' lang='lat' dir='ltr'><strong>norma</strong></span> <span class='ocrx_word' id='word_1_421' title='bbox 1501 3755 1669 3827; x_wconf 81' lang='lat' dir='ltr'><strong>iusticias.</strong></span> 
     </span>
     <span class='ocr_line' id='line_1_35' title="bbox 44 3855 2100 3966; baseline 0.003 -30"><span class='ocrx_word' id='word_1_422' title='bbox 44 3891 154 3950; x_wconf 87' lang='lat' dir='ltr'><strong>snus,</strong></span> <span class='ocrx_word' id='word_1_423' title='bbox 185 3863 317 3958; x_wconf 87' lang='lat' dir='ltr'><strong>quibus</strong></span> <span class='ocrx_word' id='word_1_424' title='bbox 340 3861 485 3930; x_wconf 87' lang='lat' dir='ltr'><strong>obedire</strong></span> <span class='ocrx_word' id='word_1_425' title='bbox 508 3883 649 3930; x_wconf 86' lang='lat' dir='ltr'><strong>necesse</strong></span> <span class='ocrx_word' id='word_1_426' title='bbox 673 3875 741 3932; x_wconf 88' lang='lat' dir='ltr'><strong>est:</strong></span> <span class='ocrx_word' id='word_1_427' title='bbox 774 3863 836 3930; x_wconf 91' lang='lat' dir='ltr'><strong>sed</strong></span> <span class='ocrx_word' id='word_1_428' title='bbox 859 3885 922 3930; x_wconf 92' lang='lat' dir='ltr'><strong>vos</strong></span> <span class='ocrx_word' id='word_1_429' title='bbox 946 3860 1051 3930; x_wconf 91' lang='lat' dir='ltr'><strong>etiam</strong></span> <span class='ocrx_word' id='word_1_430' title='bbox 1208 3855 1392 3928; x_wconf 89' lang='lat' dir='ltr'><strong>Praeterea</strong></span> <span class='ocrx_word' id='word_1_431' title='bbox 1409 3856 1438 3924; x_wconf 87' lang='lat' dir='ltr'><strong>si</strong></span> <span class='ocrx_word' id='word_1_432' title='bbox 1455 3859 1650 3930; x_wconf 89' lang='lat' dir='ltr'><strong>necessario</strong></span> <span class='ocrx_word' id='word_1_433' title='bbox 1666 3862 1836 3936; x_wconf 90' lang='lat' dir='ltr'><strong>eveniunt</strong></span> <span class='ocrx_word' id='word_1_434' title='bbox 1854 3870 1986 3954; x_wconf 89' lang='lat' dir='ltr'><strong>omnia,</strong></span> <span class='ocrx_word' id='word_1_435' title='bbox 2013 3873 2100 3966; x_wconf 91' lang='lat' dir='ltr'><strong>quid</strong></span> 
     </span>
     <span class='ocr_line' id='line_1_36' title="bbox 43 3947 2163 4063; baseline 0.001 -22"><span class='ocrx_word' id='word_1_436' title='bbox 43 3967 232 4052; x_wconf 86' lang='lat' dir='ltr'><strong>hortatur,</strong></span> <span class='ocrx_word' id='word_1_437' title='bbox 257 3979 298 4036; x_wconf 92' lang='lat' dir='ltr'><strong>ut</strong></span> <span class='ocrx_word' id='word_1_438' title='bbox 313 3963 488 4056; x_wconf 88' lang='lat' dir='ltr'><strong>patienter</strong></span> <span class='ocrx_word' id='word_1_439' title='bbox 502 3987 568 4032; x_wconf 86' lang='lat' dir='ltr'><strong>nos</strong></span> <span class='ocrx_word' id='word_1_440' title='bbox 583 3961 753 4048; x_wconf 89' lang='lat' dir='ltr'><strong>audiatis,</strong></span> <span class='ocrx_word' id='word_1_441' title='bbox 779 3975 813 4032; x_wconf 92' lang='lat' dir='ltr'><strong>et</strong></span> <span class='ocrx_word' id='word_1_442' title='bbox 829 3963 968 4032; x_wconf 90' lang='lat' dir='ltr'><strong>veniam</strong></span> <span class='ocrx_word' id='word_1_443' title='bbox 985 3987 1053 4032; x_wconf 88' lang='lat' dir='ltr'><strong>no·</strong></span> <span class='ocrx_word' id='word_1_444' title='bbox 1107 3961 1254 4052; x_wconf 88' lang='lat' dir='ltr'><strong>prodest</strong></span> <span class='ocrx_word' id='word_1_445' title='bbox 1282 3957 1485 4029; x_wconf 77' lang='lat' dir='ltr'><strong>invocatio?</strong></span> <span class='ocrx_word' id='word_1_446' title='bbox 1525 3958 1595 4031; x_wconf 91' lang='lat' dir='ltr'><strong>Hic</strong></span> <span class='ocrx_word' id='word_1_447' title='bbox 1622 3989 1705 4036; x_wconf 91' lang='lat' dir='ltr'><strong>vero</strong></span> <span class='ocrx_word' id='word_1_448' title='bbox 1735 3967 1840 4038; x_wconf 88' lang='lat' dir='ltr'><strong>etiam</strong></span> <span class='ocrx_word' id='word_1_449' title='bbox 1877 3970 2120 4063; x_wconf 80' lang='lat' dir='ltr'><strong>impudenter¹</strong></span> <span class='ocrx_word' id='word_1_450' title='bbox 2147 3947 2163 3974; x_wconf 45' lang='grc' dir='ltr'><em>Ι</em></span> 
     </span>
     <span class='ocr_line' id='line_1_37' title="bbox 43 4059 2102 4160; baseline 0 -14"><span class='ocrx_word' id='word_1_451' title='bbox 43 4090 147 4146; x_wconf 87' lang='lat' dir='ltr'><strong>strae</strong></span> <span class='ocrx_word' id='word_1_452' title='bbox 166 4068 321 4140; x_wconf 90' lang='lat' dir='ltr'><strong>orationi</strong></span> <span class='ocrx_word' id='word_1_453' title='bbox 338 4066 439 4136; x_wconf 89' lang='lat' dir='ltr'><strong>detis.</strong></span> <span class='ocrx_word' id='word_1_454' title='bbox 492 4063 531 4135; x_wconf 94' lang='lat' dir='ltr'><strong>ld</strong></span> <span class='ocrx_word' id='word_1_455' title='bbox 551 4066 615 4135; x_wconf 89' lang='lat' dir='ltr'><strong>etsi</strong></span> <span class='ocrx_word' id='word_1_456' title='bbox 630 4079 756 4156; x_wconf 88' lang='lat' dir='ltr'><strong>sponte</strong></span> <span class='ocrx_word' id='word_1_457' title='bbox 773 4080 808 4138; x_wconf 89' lang='lat' dir='ltr'><strong>et</strong></span> <span class='ocrx_word' id='word_1_458' title='bbox 824 4079 940 4136; x_wconf 82' lang='lat' dir='ltr'><strong>vestro</strong></span> <span class='ocrx_word' id='word_1_459' title='bbox 956 4065 1054 4136; x_wconf 89' lang='lat' dir='ltr'><strong>iudi·</strong></span> <span class='ocrx_word' id='word_1_460' title='bbox 1106 4061 1218 4134; x_wconf 88' lang='lat' dir='ltr'><strong>Stoici</strong></span> <span class='ocrx_word' id='word_1_461' title='bbox 1241 4063 1390 4134; x_wconf 76' lang='lat' dir='ltr'><strong>confessi</strong></span> <span class='ocrx_word' id='word_1_462' title='bbox 1415 4076 1515 4144; x_wconf 89' lang='lat' dir='ltr'><strong>suut,</strong></span> <span class='ocrx_word' id='word_1_463' title='bbox 1546 4059 1638 4134; x_wconf 90' lang='lat' dir='ltr'><strong>nihil</strong></span> <span class='ocrx_word' id='word_1_464' title='bbox 1661 4091 1736 4136; x_wconf 88' lang='lat' dir='ltr'><strong>eam</strong></span> <span class='ocrx_word' id='word_1_465' title='bbox 1761 4074 1946 4160; x_wconf 81' lang='lat' dir='ltr'><strong>prodesse,</strong></span> <span class='ocrx_word' id='word_1_466' title='bbox 1968 4077 2102 4147; x_wconf 88' lang='lat' dir='ltr'><strong>necla-</strong></span> 
     </span>
     <span class='ocr_line' id='line_1_38' title="bbox 42 4159 2101 4269; baseline 0.001 -23"><span class='ocrx_word' id='word_1_467' title='bbox 42 4179 108 4250; x_wconf 85' lang='lat' dir='ltr'><strong>eio</strong></span> <span class='ocrx_word' id='word_1_468' title='bbox 125 4171 253 4257; x_wconf 87' lang='lat' dir='ltr'><strong>lacitis,</strong></span> <span class='ocrx_word' id='word_1_469' title='bbox 277 4183 396 4240; x_wconf 92' lang='lat' dir='ltr'><strong>tamen</strong></span> <span class='ocrx_word' id='word_1_470' title='bbox 412 4161 601 4238; x_wconf 88' lang='lat' dir='ltr'><strong>honestum</strong></span> <span class='ocrx_word' id='word_1_471' title='bbox 616 4185 685 4252; x_wconf 90' lang='lat' dir='ltr'><strong>est,</strong></span> <span class='ocrx_word' id='word_1_472' title='bbox 711 4168 870 4240; x_wconf 90' lang='lat' dir='ltr'><strong>iuniores</strong></span> <span class='ocrx_word' id='word_1_473' title='bbox 886 4191 1053 4238; x_wconf 90' lang='lat' dir='ltr'><strong>reveren·</strong></span> <span class='ocrx_word' id='word_1_474' title='bbox 1106 4165 1272 4237; x_wconf 90' lang='lat' dir='ltr'><strong>ciendum</strong></span> <span class='ocrx_word' id='word_1_475' title='bbox 1291 4190 1365 4236; x_wconf 88' lang='lat' dir='ltr'><strong>esse</strong></span> <span class='ocrx_word' id='word_1_476' title='bbox 1382 4159 1510 4259; x_wconf 77' lang='grc' dir='ltr'><strong><em>χρείας</em></strong></span> <span class='ocrx_word' id='word_1_477' title='bbox 1527 4161 1651 4254; x_wconf 62' lang='grc' dir='ltr'><strong>ἕνεκα,</strong></span> <span class='ocrx_word' id='word_1_478' title='bbox 1679 4165 1772 4242; x_wconf 80' lang='grc' dir='ltr'><strong><em>ἀλλὰ</em></strong></span> <span class='ocrx_word' id='word_1_479' title='bbox 1789 4169 2036 4269; x_wconf 79' lang='grc' dir='ltr'><strong><em>εὐχαριστίας,</em></strong></span> <span class='ocrx_word' id='word_1_480' title='bbox 2065 4180 2101 4250; x_wconf 91' lang='lat' dir='ltr'><strong>id</strong></span> 
     </span>
     <span class='ocr_line' id='line_1_39' title="bbox 40 4269 2102 4370; baseline 0.001 -20"><span class='ocrx_word' id='word_1_481' title='bbox 40 4299 105 4355; x_wconf 86' lang='lat' dir='ltr'><strong>ter</strong></span> <span class='ocrx_word' id='word_1_482' title='bbox 132 4291 270 4370; x_wconf 90' lang='lat' dir='ltr'><strong>petere,</strong></span> <span class='ocrx_word' id='word_1_483' title='bbox 296 4285 482 4344; x_wconf 90' lang='lat' dir='ltr'><strong>uteorum</strong></span> <span class='ocrx_word' id='word_1_484' title='bbox 506 4271 705 4342; x_wconf 89' lang='lat' dir='ltr'><strong>orationem</strong></span> <span class='ocrx_word' id='word_1_485' title='bbox 728 4272 767 4340; x_wconf 91' lang='lat' dir='ltr'><strong>in</strong></span> <span class='ocrx_word' id='word_1_486' title='bbox 787 4272 932 4364; x_wconf 89' lang='lat' dir='ltr'><strong>publico</strong></span> <span class='ocrx_word' id='word_1_487' title='bbox 950 4284 1053 4342; x_wconf 88' lang='lat' dir='ltr'><strong>coetu</strong></span> <span class='ocrx_word' id='word_1_488' title='bbox 1106 4281 1176 4352; x_wconf 90' lang='lat' dir='ltr'><strong>est,</strong></span> <span class='ocrx_word' id='word_1_489' title='bbox 1203 4295 1276 4340; x_wconf 93' lang='lat' dir='ltr'><strong>nou</strong></span> <span class='ocrx_word' id='word_1_490' title='bbox 1297 4283 1337 4339; x_wconf 91' lang='lat' dir='ltr'><strong>ut</strong></span> <span class='ocrx_word' id='word_1_491' title='bbox 1358 4293 1462 4360; x_wconf 92' lang='lat' dir='ltr'><strong>opem</strong></span> <span class='ocrx_word' id='word_1_492' title='bbox 1486 4269 1579 4340; x_wconf 84' lang='lat' dir='ltr'><strong>ierat</strong></span> <span class='ocrx_word' id='word_1_493' title='bbox 1600 4271 1862 4362; x_wconf 81' lang='lat' dir='ltr'><strong>indigentibus,</strong></span> <span class='ocrx_word' id='word_1_494' title='bbox 1887 4282 1946 4348; x_wconf 89' lang='lat' dir='ltr'><strong>sed</strong></span> <span class='ocrx_word' id='word_1_495' title='bbox 1966 4293 2006 4350; x_wconf 91' lang='lat' dir='ltr'><strong>ut</strong></span> <span class='ocrx_word' id='word_1_496' title='bbox 2021 4303 2102 4370; x_wconf 86' lang='lat' dir='ltr'><strong>gra-</strong></span> 
     </span>
     <span class='ocr_line' id='line_1_40' title="bbox 40 4369 2103 4468; baseline 0.001 -13"><span class='ocrx_word' id='word_1_497' title='bbox 40 4381 214 4456; x_wconf 88' lang='lat' dir='ltr'><strong>seniores</strong></span> <span class='ocrx_word' id='word_1_498' title='bbox 229 4375 315 4446; x_wconf 93' lang='lat' dir='ltr'><strong>boni</strong></span> <span class='ocrx_word' id='word_1_499' title='bbox 332 4374 529 4446; x_wconf 85' lang='lat' dir='ltr'><strong>consulant.</strong></span> <span class='ocrx_word' id='word_1_500' title='bbox 569 4369 690 4462; x_wconf 86' lang='lat' dir='ltr'><strong>Quare</strong></span> <span class='ocrx_word' id='word_1_501' title='bbox 707 4373 810 4443; x_wconf 93' lang='lat' dir='ltr'><strong>initio</strong></span> <span class='ocrx_word' id='word_1_502' title='bbox 826 4397 887 4444; x_wconf 88' lang='lat' dir='ltr'><strong>vos</strong></span> <span class='ocrx_word' id='word_1_503' title='bbox 903 4397 985 4457; x_wconf 93' lang='lat' dir='ltr'><strong>oro,</strong></span> <span class='ocrx_word' id='word_1_504' title='bbox 1008 4397 1054 4442; x_wconf 92' lang='lat' dir='ltr'><strong>ne</strong></span> <span class='ocrx_word' id='word_1_505' title='bbox 1106 4371 1173 4441; x_wconf 86' lang='lat' dir='ltr'><strong>tias</strong></span> <span class='ocrx_word' id='word_1_506' title='bbox 1187 4395 1330 4461; x_wconf 82' lang='lat' dir='ltr'><strong>agamus</strong></span> <span class='ocrx_word' id='word_1_507' title='bbox 1345 4371 1523 4440; x_wconf 86' lang='lat' dir='ltr'><strong>conditori</strong></span> <span class='ocrx_word' id='word_1_508' title='bbox 1541 4397 1680 4457; x_wconf 89' lang='lat' dir='ltr'><strong>rerum,</strong></span> <span class='ocrx_word' id='word_1_509' title='bbox 1703 4379 1798 4468; x_wconf 89' lang='lat' dir='ltr'><strong>quod</strong></span> <span class='ocrx_word' id='word_1_510' title='bbox 1816 4379 1978 4452; x_wconf 89' lang='lat' dir='ltr'><strong>ordinem</strong></span> <span class='ocrx_word' id='word_1_511' title='bbox 1996 4399 2103 4457; x_wconf 88' lang='lat' dir='ltr'><strong>natu-</strong></span> 
     </span>
     <span class='ocr_line' id='line_1_41' title="bbox 41 4474 1795 4568; baseline -0.003 -15"><span class='ocrx_word' id='word_1_512' title='bbox 41 4513 109 4560; x_wconf 83' lang='lat' dir='ltr'><strong>me</strong></span> <span class='ocrx_word' id='word_1_513' title='bbox 134 4481 263 4552; x_wconf 86' lang='lat' dir='ltr'><strong>fiducia</strong></span> <span class='ocrx_word' id='word_1_514' title='bbox 285 4477 439 4568; x_wconf 89' lang='lat' dir='ltr'><strong>ingenii,</strong></span> <span class='ocrx_word' id='word_1_515' title='bbox 463 4479 523 4546; x_wconf 89' lang='lat' dir='ltr'><strong>sed</strong></span> <span class='ocrx_word' id='word_1_516' title='bbox 547 4491 587 4546; x_wconf 93' lang='lat' dir='ltr'><strong>ut</strong></span> <span class='ocrx_word' id='word_1_517' title='bbox 609 4477 898 4568; x_wconf 87' lang='lat' dir='ltr'><strong>praeceptoribus</strong></span> <span class='ocrx_word' id='word_1_518' title='bbox 913 4477 1052 4547; x_wconf 91' lang='lat' dir='ltr'><strong>obtem·</strong></span> <span class='ocrx_word' id='word_1_519' title='bbox 1107 4498 1166 4544; x_wconf 87' lang='lat' dir='ltr'><strong>rae</strong></span> <span class='ocrx_word' id='word_1_520' title='bbox 1185 4474 1395 4556; x_wconf 89' lang='lat' dir='ltr'><strong>instituerit,</strong></span> <span class='ocrx_word' id='word_1_521' title='bbox 1420 4487 1462 4542; x_wconf 92' lang='lat' dir='ltr'><strong>ut</strong></span> <span class='ocrx_word' id='word_1_522' title='bbox 1478 4475 1610 4566; x_wconf 87' lang='lat' dir='ltr'><strong>species</strong></span> <span class='ocrx_word' id='word_1_523' title='bbox 1625 4492 1795 4548; x_wconf 87' lang='lat' dir='ltr'><strong>servetur.</strong></span> 
     </span>
     <span class='ocr_line' id='line_1_42' title="bbox 41 4571 2102 4686; baseline -0.003 -24"><span class='ocrx_word' id='word_1_524' title='bbox 41 4609 238 4686; x_wconf 87' lang='lat' dir='ltr'><strong>perarem,</strong></span> <span class='ocrx_word' id='word_1_525' title='bbox 267 4582 466 4652; x_wconf 89' lang='lat' dir='ltr'><strong>orationem</strong></span> <span class='ocrx_word' id='word_1_526' title='bbox 488 4573 557 4648; x_wconf 90' lang='lat' dir='ltr'><strong>hoc</strong></span> <span class='ocrx_word' id='word_1_527' title='bbox 580 4577 658 4648; x_wconf 90' lang='lat' dir='ltr'><strong>loco</strong></span> <span class='ocrx_word' id='word_1_528' title='bbox 683 4571 814 4649; x_wconf 88' lang='lat' dir='ltr'><strong>habere</strong></span> <span class='ocrx_word' id='word_1_529' title='bbox 838 4578 1055 4663; x_wconf 83' lang='lat' dir='ltr'><strong>existimetis,</strong></span> <span class='ocrx_word' id='word_1_530' title='bbox 1211 4573 1265 4648; x_wconf 83' lang='lat' dir='ltr'><strong>Es</strong></span> <span class='ocrx_word' id='word_1_531' title='bbox 1291 4571 1355 4646; x_wconf 91' lang='lat' dir='ltr'><strong>hac</strong></span> <span class='ocrx_word' id='word_1_532' title='bbox 1374 4577 1472 4644; x_wconf 86' lang='lat' dir='ltr'><strong>brevi</strong></span> <span class='ocrx_word' id='word_1_533' title='bbox 1497 4583 1833 4652; x_wconf 87' lang='lat' dir='ltr'><strong>commemoratione</strong></span> <span class='ocrx_word' id='word_1_534' title='bbox 1851 4584 1934 4656; x_wconf 88' lang='lat' dir='ltr'><strong>satis</strong></span> <span class='ocrx_word' id='word_1_535' title='bbox 1950 4587 2102 4679; x_wconf 81' lang='lat' dir='ltr'><strong>intelligi</strong></span> 
     </span>
     <span class='ocr_line' id='line_1_43' title="bbox 39 4675 2101 4776; baseline -0.001 -13"><span class='ocrx_word' id='word_1_536' title='bbox 39 4691 189 4768; x_wconf 86' lang='lat' dir='ltr'><strong>deinde</strong></span> <span class='ocrx_word' id='word_1_537' title='bbox 213 4699 253 4758; x_wconf 90' lang='lat' dir='ltr'><strong>ut</strong></span> <span class='ocrx_word' id='word_1_538' title='bbox 276 4683 573 4776; x_wconf 89' lang='lat' dir='ltr'><strong>disputationem,</strong></span> <span class='ocrx_word' id='word_1_539' title='bbox 599 4706 706 4776; x_wconf 89' lang='lat' dir='ltr'><strong>quarn</strong></span> <span class='ocrx_word' id='word_1_540' title='bbox 736 4706 953 4774; x_wconf 86' lang='lat' dir='ltr'><strong>proponam,</strong></span> <span class='ocrx_word' id='word_1_541' title='bbox 978 4705 1053 4750; x_wconf 94' lang='lat' dir='ltr'><strong>non</strong></span> <span class='ocrx_word' id='word_1_542' title='bbox 1108 4695 1233 4773; x_wconf 87' lang='lat' dir='ltr'><strong>potest,</strong></span> <span class='ocrx_word' id='word_1_543' title='bbox 1257 4681 1294 4750; x_wconf 93' lang='lat' dir='ltr'><strong>iu</strong></span> <span class='ocrx_word' id='word_1_544' title='bbox 1313 4675 1467 4748; x_wconf 80' lang='lat' dir='ltr'><strong>Ecclesia</strong></span> <span class='ocrx_word' id='word_1_545' title='bbox 1484 4679 1636 4748; x_wconf 84' lang='lat' dir='ltr'><strong>maxime</strong></span> <span class='ocrx_word' id='word_1_546' title='bbox 1652 4705 1743 4772; x_wconf 89' lang='lat' dir='ltr'><strong>opus</strong></span> <span class='ocrx_word' id='word_1_547' title='bbox 1760 4707 1852 4772; x_wconf 86' lang='lat' dir='ltr'><strong>esse,</strong></span> <span class='ocrx_word' id='word_1_548' title='bbox 1876 4701 1918 4758; x_wconf 90' lang='lat' dir='ltr'><strong>ut</strong></span> <span class='ocrx_word' id='word_1_549' title='bbox 1933 4691 2101 4761; x_wconf 88' lang='lat' dir='ltr'><strong>adversus</strong></span> 
     </span>
     <span class='ocr_line' id='line_1_44' title="bbox 37 4779 2102 4892; baseline -0 -29"><span class='ocrx_word' id='word_1_550' title='bbox 37 4791 231 4892; x_wconf 76' lang='lat' dir='ltr'><strong>gravatim</strong></span> <span class='ocrx_word' id='word_1_551' title='bbox 256 4785 427 4870; x_wconf 89' lang='lat' dir='ltr'><strong>audiatis,</strong></span> <span class='ocrx_word' id='word_1_552' title='bbox 458 4783 664 4874; x_wconf 87' lang='lat' dir='ltr'><strong>praesertim</strong></span> <span class='ocrx_word' id='word_1_553' title='bbox 695 4807 775 4854; x_wconf 88' lang='lat' dir='ltr'><strong>cum</strong></span> <span class='ocrx_word' id='word_1_554' title='bbox 804 4799 1053 4875; x_wconf 85' lang='lat' dir='ltr'><strong>argumentum</strong></span> <span class='ocrx_word' id='word_1_555' title='bbox 1107 4783 1247 4853; x_wconf 89' lang='lat' dir='ltr'><strong>Stoicos</strong></span> <span class='ocrx_word' id='word_1_556' title='bbox 1264 4783 1401 4852; x_wconf 86' lang='lat' dir='ltr'><strong>furores</strong></span> <span class='ocrx_word' id='word_1_557' title='bbox 1423 4779 1532 4848; x_wconf 87' lang='lat' dir='ltr'><strong>animi</strong></span> <span class='ocrx_word' id='word_1_558' title='bbox 1551 4782 1639 4851; x_wconf 89' lang='lat' dir='ltr'><strong>bene</strong></span> <span class='ocrx_word' id='word_1_559' title='bbox 1657 4789 1972 4876; x_wconf 88' lang='lat' dir='ltr'><strong>praemuniantur,</strong></span> <span class='ocrx_word' id='word_1_560' title='bbox 1997 4815 2102 4884; x_wconf 89' lang='lat' dir='ltr'><strong>prae-</strong></span> 
     </span>
     <span class='ocr_line' id='line_1_45' title="bbox 37 4881 2103 4977; baseline -0.004 -4"><span class='ocrx_word' id='word_1_561' title='bbox 37 4899 145 4974; x_wconf 90' lang='lat' dir='ltr'><strong>utile</strong></span> <span class='ocrx_word' id='word_1_562' title='bbox 164 4893 210 4964; x_wconf 88' lang='lat' dir='ltr'><strong>sit</strong></span> <span class='ocrx_word' id='word_1_563' title='bbox 232 4891 276 4962; x_wconf 90' lang='lat' dir='ltr'><strong>ad</strong></span> <span class='ocrx_word' id='word_1_564' title='bbox 301 4887 549 4958; x_wconf 86' lang='lat' dir='ltr'><strong>illustrandam</strong></span> <span class='ocrx_word' id='word_1_565' title='bbox 569 4887 719 4976; x_wconf 87' lang='lat' dir='ltr'><strong>gloriam</strong></span> <span class='ocrx_word' id='word_1_566' title='bbox 736 4887 824 4972; x_wconf 90' lang='lat' dir='ltr'><strong>Dei,</strong></span> <span class='ocrx_word' id='word_1_567' title='bbox 848 4901 882 4958; x_wconf 93' lang='lat' dir='ltr'><strong>et</strong></span> <span class='ocrx_word' id='word_1_568' title='bbox 906 4889 950 4956; x_wconf 88' lang='lat' dir='ltr'><strong>ad</strong></span> <span class='ocrx_word' id='word_1_569' title='bbox 976 4911 1055 4956; x_wconf 76' lang='lat' dir='ltr'><strong>nro-</strong></span> <span class='ocrx_word' id='word_1_570' title='bbox 1107 4887 1228 4956; x_wconf 89' lang='lat' dir='ltr'><strong>sertim</strong></span> <span class='ocrx_word' id='word_1_571' title='bbox 1252 4909 1332 4954; x_wconf 88' lang='lat' dir='ltr'><strong>cum</strong></span> <span class='ocrx_word' id='word_1_572' title='bbox 1360 4881 1494 4977; x_wconf 88' lang='lat' dir='ltr'><strong>alioqui</strong></span> <span class='ocrx_word' id='word_1_573' title='bbox 1520 4884 1702 4956; x_wconf 85' lang='lat' dir='ltr'><strong>mentibus</strong></span> <span class='ocrx_word' id='word_1_574' title='bbox 1728 4887 1767 4958; x_wconf 93' lang='lat' dir='ltr'><strong>in</strong></span> <span class='ocrx_word' id='word_1_575' title='bbox 1791 4891 2014 4964; x_wconf 89' lang='lat' dir='ltr'><strong>invocatione</strong></span> <span class='ocrx_word' id='word_1_576' title='bbox 2036 4897 2103 4966; x_wconf 87' lang='lat' dir='ltr'><strong>ob-</strong></span> 
     </span>
     <span class='ocr_line' id='line_1_46' title="bbox 37 4983 2102 5088; baseline -0.001 -17"><span class='ocrx_word' id='word_1_577' title='bbox 37 5025 138 5078; x_wconf 77' lang='lat' dir='ltr'><strong>rurn</strong></span> <span class='ocrx_word' id='word_1_578' title='bbox 164 4992 469 5088; x_wconf 85' lang='lat' dir='ltr'><strong>gubernationem.</strong></span> <span class='ocrx_word' id='word_1_579' title='bbox 527 4985 582 5060; x_wconf 87' lang='lat' dir='ltr'><strong>Ne</strong></span> <span class='ocrx_word' id='word_1_580' title='bbox 606 4989 653 5060; x_wconf 90' lang='lat' dir='ltr'><strong>sit</strong></span> <span class='ocrx_word' id='word_1_581' title='bbox 672 5001 790 5060; x_wconf 90' lang='lat' dir='ltr'><strong>antem</strong></span> <span class='ocrx_word' id='word_1_582' title='bbox 812 4989 949 5079; x_wconf 82' lang='lat' dir='ltr'><strong>ingrata</strong></span> <span class='ocrx_word' id='word_1_583' title='bbox 970 5011 1054 5082; x_wconf 92' lang='lat' dir='ltr'><strong>pro·</strong></span> <span class='ocrx_word' id='word_1_584' title='bbox 1107 5001 1240 5082; x_wconf 84' lang='lat' dir='ltr'><strong>strepat</strong></span> <span class='ocrx_word' id='word_1_585' title='bbox 1254 4983 1323 5058; x_wconf 89' lang='lat' dir='ltr'><strong>hoc</strong></span> <span class='ocrx_word' id='word_1_586' title='bbox 1338 4999 1604 5074; x_wconf 85' lang='lat' dir='ltr'><strong>argumentum:</strong></span> <span class='ocrx_word' id='word_1_587' title='bbox 1632 4983 1732 5076; x_wconf 91' lang='lat' dir='ltr'><strong>Quid</strong></span> <span class='ocrx_word' id='word_1_588' title='bbox 1749 4993 1837 5084; x_wconf 89' lang='lat' dir='ltr'><strong>petis</strong></span> <span class='ocrx_word' id='word_1_589' title='bbox 1854 4993 2102 5068; x_wconf 88' lang='lat' dir='ltr'><strong>liberationem</strong></span> 
     </span>
     <span class='ocr_line' id='line_1_47' title="bbox 37 5087 2103 5190; baseline -0.005 -10"><span class='ocrx_word' id='word_1_590' title='bbox 37 5105 196 5180; x_wconf 71' lang='lat' dir='ltr'><strong>linitas,</strong></span> <span class='ocrx_word' id='word_1_591' title='bbox 222 5097 300 5168; x_wconf 90' lang='lat' dir='ltr'><strong>sine</strong></span> <span class='ocrx_word' id='word_1_592' title='bbox 322 5091 484 5184; x_wconf 85' lang='lat' dir='ltr'><strong>longiore</strong></span> <span class='ocrx_word' id='word_1_593' title='bbox 498 5089 645 5162; x_wconf 82' lang='lat' dir='ltr'><strong>exordio</strong></span> <span class='ocrx_word' id='word_1_594' title='bbox 661 5091 902 5186; x_wconf 87' lang='lat' dir='ltr'><strong>quaestionem</strong></span> <span class='ocrx_word' id='word_1_595' title='bbox 923 5115 1056 5184; x_wconf 88' lang='lat' dir='ltr'><strong>propo-</strong></span> <span class='ocrx_word' id='word_1_596' title='bbox 1107 5091 1147 5160; x_wconf 92' lang='lat' dir='ltr'><strong>in</strong></span> <span class='ocrx_word' id='word_1_597' title='bbox 1170 5089 1357 5184; x_wconf 76' lang='lat' dir='ltr'><strong>periculo?</strong></span> <span class='ocrx_word' id='word_1_598' title='bbox 1388 5087 1531 5158; x_wconf 88' lang='lat' dir='ltr'><strong>vincent</strong></span> <span class='ocrx_word' id='word_1_599' title='bbox 1554 5089 1692 5172; x_wconf 84' lang='lat' dir='ltr'><strong>morbi,</strong></span> <span class='ocrx_word' id='word_1_600' title='bbox 1718 5109 1780 5166; x_wconf 88' lang='lat' dir='ltr'><strong>aut</strong></span> <span class='ocrx_word' id='word_1_601' title='bbox 1802 5093 1893 5166; x_wconf 89' lang='lat' dir='ltr'><strong>aliae</strong></span> <span class='ocrx_word' id='word_1_602' title='bbox 1915 5113 2027 5190; x_wconf 88' lang='lat' dir='ltr'><strong>pestes</strong></span> <span class='ocrx_word' id='word_1_603' title='bbox 2043 5125 2103 5172; x_wconf 90' lang='lat' dir='ltr'><strong>or-</strong></span> 
     </span>
     <span class='ocr_line' id='line_1_48' title="bbox 36 5187 2103 5297; baseline -0 -22"><span class='ocrx_word' id='word_1_604' title='bbox 36 5235 102 5284; x_wconf 79' lang='lat' dir='ltr'><strong>no</strong></span> <span class='ocrx_word' id='word_1_605' title='bbox 127 5215 304 5286; x_wconf 86' lang='lat' dir='ltr'><strong>veterem,</strong></span> <span class='ocrx_word' id='word_1_606' title='bbox 328 5209 363 5270; x_wconf 89' lang='lat' dir='ltr'><strong>et</strong></span> <span class='ocrx_word' id='word_1_607' title='bbox 385 5217 489 5290; x_wconf 87' lang='lat' dir='ltr'><strong>saepe</strong></span> <span class='ocrx_word' id='word_1_608' title='bbox 509 5217 530 5265; x_wconf 85' lang='lat' dir='ltr'><strong>s</strong></span> <span class='ocrx_word' id='word_1_609' title='bbox 550 5188 745 5286; x_wconf 87' lang='lat' dir='ltr'><strong>Theologis</strong></span> <span class='ocrx_word' id='word_1_610' title='bbox 768 5207 804 5266; x_wconf 87' lang='lat' dir='ltr'><strong>et</strong></span> <span class='ocrx_word' id='word_1_611' title='bbox 826 5187 1055 5287; x_wconf 84' lang='lat' dir='ltr'><strong>Philosophia</strong></span> <span class='ocrx_word' id='word_1_612' title='bbox 1107 5194 1194 5264; x_wconf 90' lang='lat' dir='ltr'><strong>dine</strong></span> <span class='ocrx_word' id='word_1_613' title='bbox 1214 5207 1378 5276; x_wconf 89' lang='lat' dir='ltr'><strong>naturae,</strong></span> <span class='ocrx_word' id='word_1_614' title='bbox 1404 5188 1467 5283; x_wconf 90' lang='lat' dir='ltr'><strong>qui</strong></span> <span class='ocrx_word' id='word_1_615' title='bbox 1493 5215 1568 5260; x_wconf 94' lang='lat' dir='ltr'><strong>non</strong></span> <span class='ocrx_word' id='word_1_616' title='bbox 1596 5206 1766 5270; x_wconf 90' lang='lat' dir='ltr'><strong>mutatur.</strong></span> <span class='ocrx_word' id='word_1_617' title='bbox 1816 5194 1914 5270; x_wconf 89' lang='lat' dir='ltr'><strong>llaec</strong></span> <span class='ocrx_word' id='word_1_618' title='bbox 1935 5203 2103 5297; x_wconf 80' lang='lat' dir='ltr'><strong>cogitatio</strong></span> 
     </span>
     <span class='ocr_line' id='line_1_49' title="bbox 33 5293 1729 5406; baseline -0.006 -28"><span class='ocrx_word' id='word_1_619' title='bbox 33 5313 241 5406; x_wconf 62' lang='lat' dir='ltr'><strong>agitatam:</strong></span> <span class='ocrx_word' id='word_1_620' title='bbox 472 5379 477 5386; x_wconf 61' lang='grc'>,</span> <span class='ocrx_word' id='word_1_621' title='bbox 1106 5319 1210 5390; x_wconf 86' lang='lat' dir='ltr'><strong>saepe</strong></span> <span class='ocrx_word' id='word_1_622' title='bbox 1226 5293 1729 5386; x_wconf 85' lang='lat' dir='ltr'><strong>languelacitinvocationem.</strong></span> 
     </span>
    </p>

    <p class='ocr_par' dir='ltr' id='par_1_10' title="bbox 31 5391 2104 5676">
     <span class='ocr_line' id='line_1_50' title="bbox 161 5391 2104 5496; baseline -0.001 -18"><span class='ocrx_word' id='word_1_623' title='bbox 161 5405 222 5480; x_wconf 83' lang='lat' dir='ltr'><strong>An</strong></span> <span class='ocrx_word' id='word_1_624' title='bbox 251 5401 302 5474; x_wconf 89' lang='lat' dir='ltr'><strong>sit</strong></span> <span class='ocrx_word' id='word_1_625' title='bbox 328 5421 413 5472; x_wconf 83' lang='lat' dir='ltr'><strong>vero</strong></span> <span class='ocrx_word' id='word_1_626' title='bbox 434 5398 616 5470; x_wconf 83' lang='lat' dir='ltr'><strong>sententio</strong></span> <span class='ocrx_word' id='word_1_627' title='bbox 643 5395 840 5470; x_wconf 77' lang='lat' dir='ltr'><strong>stoicorum</strong></span> <span class='ocrx_word' id='word_1_628' title='bbox 863 5391 906 5468; x_wconf 81' lang='lat' dir='ltr'><strong>da</strong></span> <span class='ocrx_word' id='word_1_629' title='bbox 926 5393 1057 5496; x_wconf 85' lang='lat' dir='ltr'><strong>satoli</strong></span> <span class='ocrx_word' id='word_1_630' title='bbox 1207 5393 1286 5470; x_wconf 81' lang='lat' dir='ltr'><strong>Etsi</strong></span> <span class='ocrx_word' id='word_1_631' title='bbox 1305 5411 1423 5468; x_wconf 85' lang='lat' dir='ltr'><strong>autem</strong></span> <span class='ocrx_word' id='word_1_632' title='bbox 1446 5419 1574 5487; x_wconf 87' lang='lat' dir='ltr'><strong>magna</strong></span> <span class='ocrx_word' id='word_1_633' title='bbox 1597 5397 1797 5471; x_wconf 89' lang='lat' dir='ltr'><strong>absurditas</strong></span> <span class='ocrx_word' id='word_1_634' title='bbox 1814 5415 1866 5474; x_wconf 88' lang='lat' dir='ltr'><strong>est</strong></span> <span class='ocrx_word' id='word_1_635' title='bbox 1884 5401 2023 5474; x_wconf 87' lang='lat' dir='ltr'><strong>Stoicae</strong></span> <span class='ocrx_word' id='word_1_636' title='bbox 2039 5429 2104 5476; x_wconf 90' lang='lat' dir='ltr'><strong>ne·</strong></span> 
     </span>
     <span class='ocr_line' id='line_1_51' title="bbox 31 5495 2104 5676; baseline -0.003 -90"><span class='ocrx_word' id='word_1_637' title='bbox 31 5509 290 5596; x_wconf 78' lang='lat' dir='ltr'><strong>necessitate,</strong></span> <span class='ocrx_word' id='word_1_638' title='bbox 314 5497 384 5574; x_wconf 77' lang='lat' dir='ltr'><strong>hos</strong></span> <span class='ocrx_word' id='word_1_639' title='bbox 398 5509 469 5590; x_wconf 80' lang='lat' dir='ltr'><strong>est,</strong></span> <span class='ocrx_word' id='word_1_640' title='bbox 491 5525 589 5602; x_wconf 81' lang='lat' dir='ltr'><strong>quos</strong></span> <span class='ocrx_word' id='word_1_641' title='bbox 611 5495 812 5596; x_wconf 73' lang='lat' dir='ltr'><strong>atlfirmat,</strong></span> <span class='ocrx_word' id='word_1_642' title='bbox 838 5495 1054 5572; x_wconf 75' lang='lat' dir='ltr'><strong>nunculiam</strong></span> <span class='ocrx_word' id='word_1_643' title='bbox 1105 5501 1305 5592; x_wconf 70' lang='lat' dir='ltr'><strong>centusis,</strong></span> <span class='ocrx_word' id='word_1_644' title='bbox 1326 5513 1454 5676; x_wconf 46' lang='lat' dir='ltr'><strong>tarnat,</strong></span> <span class='ocrx_word' id='word_1_645' title='bbox 1474 5499 1689 5592; x_wconf 82' lang='lat' dir='ltr'><strong>excogitatae</strong></span> <span class='ocrx_word' id='word_1_646' title='bbox 1716 5517 1802 5577; x_wconf 85' lang='lat' dir='ltr'><strong>sunt</strong></span> <span class='ocrx_word' id='word_1_647' title='bbox 1823 5505 2033 5602; x_wconf 85' lang='lat' dir='ltr'><strong>praestigiae</strong></span> <span class='ocrx_word' id='word_1_648' title='bbox 2057 5509 2104 5580; x_wconf 82' lang='lat' dir='ltr'><strong>ad</strong></span> 
     </span>
    </p>

    <p class='ocr_par' dir='ltr' id='par_1_11' title="bbox 105 5609 588 5694">
     <span class='ocr_line' id='line_1_52' title="bbox 105 5609 588 5694; baseline -0.021 -8"><span class='ocrx_word' id='word_1_649' title='bbox 105 5623 290 5694; x_wconf 61' lang='lat' dir='ltr'><strong>maanes.</strong></span> <span class='ocrx_word' id='word_1_650' title='bbox 308 5611 413 5678; x_wconf 80' lang='lat' dir='ltr'><strong>Ores.</strong></span> <span class='ocrx_word' id='word_1_651' title='bbox 442 5611 525 5677; x_wconf 85' lang='lat' dir='ltr'><strong>llos.</strong></span> <span class='ocrx_word' id='word_1_652' title='bbox 540 5609 588 5676; x_wconf 83' lang='lat' dir='ltr'><strong>X.</strong></span> 
     </span>
    </p>
   </div>
   <div class='ocr_carea' id='block_1_9' title="bbox 0 0 2330 6178">
    <p class='ocr_par' dir='ltr' id='par_1_12' title="bbox 0 0 2330 6178">
     <span class='ocr_line' id='line_1_53' title="bbox 0 0 2330 6178; baseline 0 4"><span class='ocrx_word' id='word_1_653' title='bbox 0 0 2330 6178; x_wconf 95' lang='lat' dir='ltr'><strong> </strong></span> 
     </span>
    </p>
   </div>
  </div>
 </body>
</html>
