4686 6172
99 275 181 396 sss!

99 458 217 527 decet:
244 465 278 525 et
295 467 414 526 tamen
432 475 508 522 mea
525 451 768 534 imbecillitas,
795 463 829 522 et
843 475 962 523 rerum
980 451 1093 544 impe·

98 558 183 630 titia
197 551 287 626 milri
302 581 376 626 nou
393 557 513 646 ignota
531 567 593 627 est.
634 551 725 625 Cum
746 553 899 646 primum
916 551 986 624 buc
1002 555 1096 638 veni,

97 661 250 752 promisi
265 683 322 728 me
339 654 446 730 huius
461 654 674 728 Academiae
696 657 994 746 gubernatoribus
1009 658 1095 726 obe-

96 763 257 833 dientem
273 762 358 834 l'ore.
406 759 527 850 Quare
539 760 765 832 autoritatem
782 773 933 830 vestram
951 783 1025 830 non
1040 758 1096 828 la-

96 866 171 936 cile
183 865 349 952 delbgere
363 887 519 955 possum.

201 993 280 1070 Etsi
297 998 405 1088 igitur
419 1021 475 1066 me
491 995 640 1067 minime
656 996 824 1066 idoneum
840 995 883 1065 ad
901 989 993 1065 banc
1010 995 1090 1064 siru-

74 1175 78 1182 ,
100 1101 254 1172 ctionem
277 1123 351 1170 esse
375 1101 554 1189 intelligo,
587 1111 620 1170 et
638 1101 686 1168 ob
709 1123 784 1167 eam
803 1121 942 1168 causam
967 1098 1094 1168 merito

100 1205 200 1274 illam
227 1205 420 1273 detrectare
444 1201 595 1294 possim,
631 1217 748 1273 tannen
778 1223 823 1268 ue
845 1199 945 1269 vobis
974 1201 1093 1268 minus

100 1305 289 1389 obediens,
312 1318 373 1374 aut
393 1317 580 1374 contumax
599 1326 671 1372 esse
688 1301 826 1384 videar,
849 1303 944 1395 quod
961 1299 1037 1372 Deo
1055 1326 1094 1371 ae

94 1406 340 1498 Redemptore
367 1419 489 1475 nostro
511 1409 588 1476 lesu
607 1399 751 1475 Christo
773 1403 862 1473 duee
888 1415 923 1474 et
953 1403 1094 1496 auspice

100 1511 184 1580 selis
206 1509 431 1601 faustumque
457 1508 519 1592 sit,
549 1521 684 1577 vestrae
708 1504 883 1574 voluntati
913 1507 1095 1596 obtempe-

100 1611 209 1696 rabo,
239 1611 349 1679 fretus
379 1609 624 1679 benevolentia
650 1622 782 1692 vestra,
815 1603 975 1700 mihique
998 1622 1094 1678 certo

100 1713 333 1806 persuadens,
369 1735 432 1780 vos
454 1721 488 1779 et
517 1710 669 1780 candido
695 1709 738 1778 de
760 1731 817 1778 me
842 1709 973 1780 iudicio
999 1705 1094 1779 bium

98 1813 265 1888 Rectoris
289 1813 431 1882 titulum
455 1817 559 1904 atque
585 1811 740 1908 officium
768 1813 810 1880 ‘ad
838 1835 895 1880 me
918 1811 1097 1898 detulisse,

96 1930 130 1987 et
146 1917 188 1984 in
205 1912 270 1984 bac
286 1913 561 2004 gubernatione,
585 1927 659 1984 tum
674 1937 751 1998 me,
778 1925 853 1982 tum
872 1935 966 1995 eum,
988 1937 1092 2007 quern

90 2011 188 2088 mihi
206 2013 409 2086 adiuncturi
430 2015 532 2094 estis,
558 2029 674 2086 vestm
688 2013 856 2098 consilio,
882 2015 1094 2107 praesentia,

91 2141 205 2212 opera
222 2131 255 2188 et
269 2117 457 2186 autoritate
471 2117 622 2208 benigne
635 2117 820 2188 adiuturos
835 2139 919 2188 esse.

198 2247 317 2319 Deum
341 2261 524 2318 aeternum
549 2263 684 2342 patrem
710 2245 857 2318 Domini
881 2248 995 2320 nostri
1014 2245 1094 2320 lesu

94 2348 234 2424 Christi
253 2365 325 2421 toto
344 2363 483 2440 pectore
497 2375 574 2436 oro,
596 2365 633 2420 ut
652 2375 714 2442 per
728 2345 795 2418 hnc
816 2365 980 2420 semestre
995 2363 1094 2421 tran-

95 2453 312 2549 quillitatem
329 2445 385 2520 bis
400 2451 605 2540 regionibus
619 2455 801 2534 concedat,
822 2465 856 2520 et
873 2445 966 2522 bane
980 2447 1094 2524 Scho-

94 2557 163 2624 lam
190 2576 328 2646 nosque
353 2576 478 2622 omnes
498 2554 689 2623 clementer
713 2553 906 2644 gubernet,
932 2565 1095 2645 protegat

96 2669 130 2728 et
145 2667 342 2726 conservet.
394 2653 489 2730 Dixi.

111 3014 176 3087 No.
196 3011 260 3088 41.

105 3111 277 3142 m

784 3029 845 3092 ¹7:
862 3021 949 3106 Sept.
970 3021 1069 3088 155⁹.

747 3121 1088 3162 m

167 3229 199 3286 lo
216 3230 383 3286 Orationem
403 3229 437 3289 Τ.
454 3229 484 3285 V.
504 3249 531 3302 p.
544 3231 593 3286 tel
605 3249 683 3356 sqq,
706 3231 734 3284 iu
757 3229 942 3286 Orationibus
963 3239 1094 3303 postrem.

653 3339 660 3355 .
675 3321 704 3374 p.

199 3319 227 3376 p·
242 3299 302 3358 158.
315 3311 342 3355 οι
355 3301 426 3374 apud
440 3299 569 3360 Richard.
582 3301 616 3360 Τ.
717 3301 778 3356 405.

97 3463 228 3536 (trotio
246 3485 271 3534 o
288 3459 622 3556 christophoro
640 3465 875 3560 Burppruvio
896 3485 920 3534 o
937 3455 1091 3552 Dlson,

94 3567 249 3640 Borone
260 3573 332 3638 etc.
346 3563 758 3650 Academiueltectore,
782 3563 915 3638 babitu
929 3571 1022 3636 onte
1038 3565 1109 3637 le·-

117 3691 209 3768 gum
224 3667 537 3742 scholasticorum
549 3670 846 3762 praelectionem
866 3663 921 3742 lt.
939 3665 1067 3762 Septi.

96 3803 195 3892 Cum
209 3817 298 3888 velit
313 3813 410 3886 Deus
425 3829 544 3886 coetus
563 3841 636 3886 esse
656 3816 861 3888 docentium
890 3831 924 3890 et
952 3817 1098 3888 discen-

95 3922 205 4006 tium,
233 3920 318 4012 quia
333 3943 418 3988 voce
437 3919 576 3994 divina,
603 3933 637 3988 et
654 3943 728 3988 nou
746 3919 850 3988 aliter
864 3933 1004 3990 aeterna
1020 3917 1091 3990 Ec-

592 273 904 372 ALLOQUIA
929 275 1005 353 ET
1037 271 1271 354 BRDVES
1304 271 1660 356 CONClONDS.

2064 279 2139 356 sto

1147 449 1294 540 cogitate
1314 443 1478 521 homiues
1499 473 1573 522 non
1594 449 1756 524 conditos
1779 473 1872 540 esse,
1899 463 1940 524 ut
1961 454 2136 544 pecudum

1146 575 1244 622 more
1268 567 1441 642 vagentur
1463 554 1540 624 sine
1564 555 1720 644 legibus,
1753 565 1788 624 et
1803 557 1880 625 sine
1903 554 2136 648 cupiditatum

1147 653 1273 740 irenis,
1300 658 1359 724 sed
1378 652 1455 725 Deo
1476 656 1614 750 vivere,
1638 669 1673 727 et
1693 658 1821 727 debere
1842 657 1918 728 Deo
1938 657 2138 728 conformes

1146 779 1232 842 esse,
1247 781 1327 827 curn
1343 757 1413 826 sint
1427 757 1598 848 imagines
1612 759 1698 844 eius,
1712 771 1747 830 et
1760 757 1847 830 velit
1861 759 1907 830 ab
1923 759 1972 828 eis
1985 759 2138 850 agnosci,

1145 872 1185 930 ut
1199 881 1273 928 sese
1288 858 1338 928 eis
1355 862 1615 931 communicare
1632 861 1760 953 possit,
1785 884 1845 930 eos
1865 861 2081 952 gubernare,
2102 875 2138 933 et

1145 983 1307 1054 spargere
1324 961 1362 1030 iu
1381 985 1440 1031 eos
1457 985 1541 1034 suae
1558 963 1665 1048 lucis,
1691 964 1900 1055 sapientiae,
1926 977 1962 1034 et
1977 963 2137 1034 iusticias

1144 1064 1272 1133 radios.
1324 1061 1462 1132 Deinde
1485 1079 1518 1136 et
1546 1060 1614 1135 hoc
1638 1067 1804 1154 cogitate,
1830 1063 2040 1136 Academias
2062 1089 2137 1136 non

1145 1166 1273 1236 debere
1296 1161 1510 1254 Gigantum,
1537 1181 1597 1238 aut
1614 1165 1808 1262 Cyclopum
1832 1167 2023 1240 exercitum
2050 1189 2135 1250 esse,

1147 1281 1207 1338 aut
1223 1265 1341 1338 Circes
1356 1268 1556 1354 stabulum,
1581 1271 1641 1340 sed
1659 1269 1724 1340 Dei
1749 1270 1937 1362 templum,
1962 1269 2000 1338 iu
2016 1293 2087 1364 quo
2102 1281 2137 1340 et

1146 1365 1281 1440 habitet
1298 1367 1411 1454 Deus,
1438 1383 1470 1440 et
1486 1371 1617 1442 assidui
1639 1372 1711 1443 sint
1729 1371 1813 1442 casti
1831 1367 1960 1462 Angeli
1981 1384 2137 1462 tegentes

1146 1471 1284 1541 infirma
1301 1495 1448 1562 corpora
1464 1485 1589 1543 vestra.
1641 1469 1695 1543 Ac
1710 1473 1935 1544 manifestum
1953 1487 2014 1560 est,
2040 1473 2136 1544 rnul-

1144 1585 1261 1644 torum
1286 1575 1324 1642 in
1351 1569 1415 1643 bac
1430 1569 1619 1645 Academia
1635 1589 1781 1647 aetatem
1802 1575 1907 1645 talem
1927 1597 2020 1660 esse,
2045 1599 2136 1670 quas

1145 1699 1227 1746 vere
1243 1687 1295 1746 est
1309 1675 1530 1746 domicilium
1545 1676 1628 1762 Dei,
1653 1691 1687 1748 et
1706 1703 1723 1744 a
1739 1679 1842 1749 castis
1857 1677 2003 1767 Angelis
2018 1691 2137 1748 eusto-

1145 1779 1261 1862 ditur‚
1284 1777 1374 1848 sicut
1396 1778 1650 1869 scriptumest:
1678 1777 1806 1868 Augeli
1832 1803 1954 1849 eortrm
1973 1779 2012 1848 iu
2028 1777 2136 1852 coelis

1145 1903 1285 1971 semper
1298 1879 1421 1950 vident
1438 1879 1560 1950 faciem
1578 1881 1698 1974 patris.
1734 1881 1871 1951 Horum
1888 1882 2019 1952 teneris
2036 1905 2136 1952 men·

1145 1983 1241 2052 tibus
1256 1983 1411 2073 profecto
1428 2005 1566 2052 neeesse
1582 1995 1633 2053 est
1654 1983 1810 2053 inserere
1826 2003 1927 2052 veras
1944 1985 2136 2054 sententias

1146 2087 1189 2154 de
1218 2084 1310 2168 Deo,
1349 2085 1393 2152 de
1420 2085 1554 2174 legibus
1580 2081 1665 2168 Dei,
1706 2087 1750 2156 de
1778 2087 2057 2175 stragbtratibus,
2090 2087 2136 2156 de

1145 2187 1346 2277 disciplina.
1381 2184 1520 2254 Horum
1538 2187 1648 2255 animi
1666 2189 1934 2275 praemuniendi
1950 2201 2034 2259 sunt
2049 2211 2135 2258 con-

1144 2300 1197 2357 tra
1214 2288 1304 2355 mala
1323 2289 1501 2378 exempla,
1528 2301 1562 2358 et
1579 2287 1792 2380 perniciosas
1809 2291 2008 2382 opiniones.
2050 2287 2134 2360 ldeo

1144 2389 1285 2459 assidue
1308 2401 1518 2480 repetuntur
1545 2389 1584 2458 iu
1610 2392 1856 2482 congressibus
1883 2393 2013 2462 nostris
2036 2415 2136 2461 coru-

1144 2490 1441 2570 monefactiones,
1473 2513 1554 2560 eum
1580 2493 1624 2560 de
1645 2496 1792 2563 caeteris
1806 2496 1911 2563 rebus
1933 2494 2136 2582 cognitione

1144 2592 1282 2682 dignis,
1307 2605 1385 2661 tum
1402 2613 1485 2660 vero
1507 2603 1542 2661 et
1563 2594 1608 2661 de
1628 2594 1829 2666 obedientia
1847 2595 1941 2678 Deo,
1966 2609 2000 2665 et
2021 2595 2134 2688 magi-

1143 2693 1310 2764 stratibus
1334 2691 1464 2765 debita.
1517 2689 1736 2765 Grandiores
1758 2697 1863 2767 etiam
1889 2699 2062 2780 obtestor,
2093 2711 2135 2769 ut

1143 2809 1178 2866 et
1212 2795 1279 2888 ipsi
1314 2795 1426 2865 velint
1457 2818 1531 2865 esse
1560 2797 1783 2868 domicilium
1806 2797 1889 2882 Dei,
1921 2811 1956 2870 et
1978 2799 2135 2888 cogitent

1143 2921 1249 2992 quam
1275 2895 1445 2966 miserum
1468 2909 1503 2968 et
1525 2891 1743 2969 horrendum
1766 2901 1811 2970 sit
1835 2925 1976 2970 manere
1996 2891 2132 2974 bostem

1142 2999 1230 3084 Dei,
1251 2997 1433 3091 aspernari
1450 3001 1656 3091 sauguinem
1678 3003 1742 3072 lilii
1759 3000 1843 3088 Dei,
1866 3025 1940 3073 esse
1959 3025 2132 3094 organum

1143 3102 1391 3186 diabolorum,
1421 3101 1485 3193 qui
1508 3101 1636 3195 impios
1661 3105 1700 3174 in
1721 3106 1831 3175 multa
1856 3106 2006 3190 scelera,
2037 3119 2072 3176 et
2092 3105 2131 3175 iu

1142 3203 1360 3276 tristissimas
1380 3225 1588 3296 corporum,
1614 3219 1648 3276 et
1665 3207 1864 3277 animarum
1880 3229 2011 3300 poenas
2030 3229 2133 3300 prae-

1144 3307 1310 3400 cipitaut3
1344 3329 1468 3375 omues
1489 3307 1598 3396 igitur
1613 3332 1734 3378 vocem
1750 3307 1823 3379 Dei·
1838 3309 2042 3396 audiamus,
2067 3309 2131 3404 qui
2222 3361 2226 3368 .

1141 3409 1279 3503 iuquit:
1304 3404 1566 3478 Convertimini
1589 3411 1632 3480 ad
1655 3435 1731 3496 me,
1755 3423 1789 3481 et
1805 3432 1868 3500 ego
1887 3425 2074 3482 convertar
2086 3412 2132 3481 ad

1144 3533 1218 3592 vos,
1242 3523 1277 3581 et
1290 3511 1498 3581 ardentibus
1512 3511 1605 3582 votis
1617 3509 1721 3582 aDeo
1737 3529 1908 3605 petamus,
1932 3527 1975 3585 ut
1990 3527 2133 3607 propter

1142 3613 1255 3682 filium
1272 3633 1337 3682 nos
1351 3612 1542 3682 elementer
1555 3614 1711 3706 recipiat,
1726 3629 1758 3686 et
1768 3613 1906 3706 Spiritu
1921 3629 2133 3703 suosaueto,

1142 3728 1237 3786 casto
1253 3729 1288 3787 et
1304 3714 1419 3784 veraci
1437 3715 1620 3805 gubernet.
1654 3715 1786 3786 Misera
1802 3713 1989 3788 bominum
2006 3731 2131 3788 natura

1142 3813 1245 3887 facile
1265 3817 1405 3888 aberrat
1427 3831 1558 3886 arceto
1582 3840 1642 3888 sua
1660 3819 1874 3888 infirmitate.
1927 3815 1973 3889 Et
1990 3819 2133 3890 verissi-

1142 3943 1239 3988 mum
1256 3933 1306 3989 est
1320 3919 1410 3988 illud
1426 3917 1686 3994 Simonideum.
1734 3919 1815 3990 Nou
1839 3921 1942 3991 facile
1959 3934 2011 3992 est
2033 3921 2130 3992 nasci

93 4025 199 4094 clesia
222 4019 301 4092 Deo
328 4021 525 4112 colligitur,
558 4043 717 4090 amemus
743 4035 776 4091 et
806 4020 879 4112 ipsa
906 4022 1090 4092 doetrinae
1139 4012 1397 4119 τετράγωνον,
1431 4021 1468 4090 id
1489 4033 1558 4106 est,
1588 4022 1793 4114 perfeetum.
1851 4022 1921 4095 Sed
1944 4037 2060 4094 tamen
2090 4023 2129 4094 in

94 4127 232 4210 studia,
266 4135 302 4193 et
337 4117 423 4192 haec
456 4123 596 4214 agmina
630 4121 783 4192 sciamus
807 4117 937 4192 babere
962 4125 1089 4194 ductam
1141 4123 1271 4194 teneris
1285 4123 1413 4192 animis
1430 4123 1580 4194 multum
1601 4123 1638 4192 iu
1654 4138 1829 4218 utranque
1843 4137 1978 4217 partem
1994 4124 2131 4195 doctri·

93 4228 205 4300 lilium
232 4221 300 4295 Dei
322 4216 437 4322 λόγου
460 4224 593 4294 aeterni
617 4225 746 4314 patris,
774 4239 808 4295 et
829 4219 1089 4316 bonestislegi·
1141 4225 1307 4299 navalet.
1360 4223 1471 4294 Dulce
1491 4239 1543 4295 est
1566 4223 1738 4296 libertatis
1762 4249 1915 4312 nomeu,
1947 4239 1981 4297 et
2006 4249 2128 4296 rerum

93 4331 177 4417 bus,
212 4351 258 4399 ac
291 4325 477 4418 disciplina
506 4325 702 4396 consociata
740 4349 813 4396 esse
839 4341 1022 4418 oportere,
1056 4343 1090 4399 et
1140 4340 1191 4397 est
1213 4327 1305 4396 illud
1320 4324 1472 4396 Lucani:
1503 4325 1693 4398 Libertatis
1715 4327 2132 4399 amortotumeurdeci-

95 4455 217 4504 eorum
246 4428 535 4499 coniunctionem
568 4428 735 4498 omuibus
769 4429 895 4498 officiis
921 4433 1088 4499 tuendam
1141 4429 1194 4520 pis
1209 4427 1357 4498 orbem?
1383 4429 1478 4522 quod
1501 4429 1631 4498 rectius
1647 4429 1697 4498 sie
1712 4429 1904 4500 diceretur:
1939 4429 2130 4502 Libertatis

97 4557 182 4604 esse.
236 4531 321 4602 ldeo
344 4530 446 4599 vobis
471 4531 562 4622 leges
584 4531 1088 4624 recitantur,quarumprae·
1139 4554 1240 4600 amor
1254 4529 1402 4600 stultum
1418 4555 1482 4600 eur
1495 4531 1628 4620 decipis
1642 4531 1790 4601 orbem?
1815 4528 1931 4602 Avide
1949 4531 2058 4622 igitur
2071 4555 2130 4601 ac-

97 4635 221 4728 cipuse
248 4647 331 4702 sunt
357 4633 430 4724 ipsa
461 4657 530 4703 vox
556 4630 743 4722 Deealogi,
777 4647 813 4704 et
839 4647 919 4702 tunt
947 4633 1088 4703 additae
1139 4633 1322 4724 cipiuutur
1344 4631 1427 4702 illae
1449 4633 1658 4702 tribunitiae
1675 4633 1881 4718 conciones,
1910 4657 2001 4727 quae
2020 4633 2129 4702 tibae

95 4741 268 4832 quaedam
282 4735 326 4803 de
340 4735 562 4818 executione,
588 4759 692 4827 quam
711 4735 809 4804 Deras
827 4733 1089 4824 magistratibus
1140 4749 1246 4806 tatem
1271 4733 1506 4826 amplificant,
1532 4747 1566 4806 et
1591 4735 1710 4805 frenos
1727 4735 1979 4826 cupiditatibus
2001 4735 2130 4822 laxant,

94 4837 291 4910 mandavit.
351 4835 456 4906 Scitis
484 4836 579 4905 enim
605 4837 727 4904 deberi
749 4835 987 4906 obedientiam
1014 4839 1088 4928 pri·
1141 4835 1258 4930 qualis
1286 4830 1373 4904 haec
1399 4849 1449 4905 est
1476 4837 1600 4906 concio
1626 4833 1842 4930 Cyniconrm
1877 4835 2126 4932 potiusquam

96 4965 193 5010 mum
209 4938 297 5023 Deo,
323 4938 452 5008 deinde
467 4937 699 5026 magistratui,
724 4962 831 5032 qnam
849 4951 890 5008 ut
904 4939 1086 5032 praestetis
1137 4933 1442 5022 Christianorum,
1467 4961 1558 5029 quae
1574 4939 1787 5010 vociferatur
1804 4933 1896 5010 banc
1914 4937 2128 5032 propositio·

96 5065 239 5112 movere
252 5063 316 5110 vos
330 5041 436 5110 debet
454 5041 625 5110 autoritas
639 5040 777 5125 divina,
804 5063 896 5134 quae
914 5045 959 5112 de
974 5039 1086 5112 Deca-
1139 5063 1220 5110 nem
1235 5039 1358 5110 falsam
1373 5063 1461 5108 esse:
1485 5041 1705 5132 Bonaopera
1719 5053 1803 5112 sunt
1818 5041 2021 5114 necessaria.
2053 5039 2128 5112 Mi·

95 5143 176 5233 logo
198 5144 331 5237 iuquit:
360 5147 400 5212 ln
418 5142 611 5234 praeceptis
628 5143 716 5212 meis
738 5142 926 5216 ambulate.
978 5141 1025 5216 Et
1042 5147 1086 5216 de
1137 5141 1277 5214 rabitur
1291 5141 1475 5232 posteritas
1491 5142 1598 5212 inisse
1613 5141 1769 5212 seculum
1784 5155 1855 5212 tarn
1871 5144 2062 5226 furiosum,
2088 5145 2126 5211 in

94 5244 263 5335 legitimis
283 5243 545 5334 magistratibus
570 5243 633 5312 ait:
666 5241 813 5316 Necesse
835 5259 905 5330 est,
930 5248 1086 5330 obedire,
1135 5269 1207 5340 qno
1221 5245 1303 5315 talis
1317 5243 1455 5313 insania
1472 5243 1699 5336 applausores
1714 5239 1888 5316 babuerit.
1925 5241 1995 5314 Sed
2011 5243 2127 5313 videto

95 5369 169 5416 nou
191 5347 306 5416 solum
330 5359 475 5438 propter
496 5349 603 5430 iram,
629 5349 688 5415 sed
714 5349 818 5415 etiam
839 5359 1086 5436 proptercon-
1136 5345 1416 5440 impudentiorn,
1451 5359 1491 5418 nt
1523 5343 1706 5415 stabiliant
1732 5340 1799 5414 boc
1824 5357 1954 5416 tetrum
1980 5345 2128 5414 menda-

94 5448 287 5520 scientiam.
341 5445 439 5518 llaec
452 5447 545 5520 dicta
560 5447 631 5518 sint
644 5447 746 5516 vobis
759 5470 907 5517 normae
922 5449 1028 5536 vitae,
1051 5464 1088 5522 et
1136 5447 1251 5536 cium,
1281 5462 1430 5522 manunt
1460 5445 1646 5518 manifeste
1681 5446 1869 5538 depravata
1894 5445 1998 5516 Pauli
2024 5446 2129 5532 dicta,
