4674 6162
189 267 238 342 88
340 252 800 342 delsuoaauunt,
854 253 1238 334 lUDlCIORUM
1277 254 1353 332 ET
1381 253 1791 356 *souletoumu
1833 249 2074 336 nln'xw.
2179 247 2234 328 84
2321 311 2322 316 a

195 464 293 526 mus,
320 439 387 524 ita,
412 450 453 509 ut
467 433 609 528 agnosci
625 435 773 528 possint.
825 431 896 508 Sed
914 433 1045 528 quibus
1060 431 1189 502 desunt
1239 453 1322 503 nem
1337 455 1403 523 pro
1413 456 1517 507 more
1530 431 1691 520 dictabo,
1722 443 1763 506 et'
1777 433 1843 506 nbi
1859 433 2074 519 videbitur,
2087 426 2238 528 [aliquid

197 544 335 616 codices
355 539 457 610 facile
478 551 627 630 possunt
654 537 804 627 singulis
827 535 1036 628 septimanis
1058 550 1189 626 paucos
1240 534 1487 612 addemus.-

198 643 391 718 versiculos
408 641 617 710 describere.
669 637 756 711 Cras
772 635 859 710 hora
870 639 906 710 8.
925 641 990 710 deo
1008 639 1115 708 dante
1131 635 1189 704 in-

199 747 327 842 cipiam
347 743 619 824 enarrationem.

2116 757 2242 772 ιιι·-

1253 901 1320 978 Νο.
1338 905 1451 982 7078.
2080 941 2128 961 -
2161 941 2216 958 -

1253 1001 1463 1042 Μ
2056 999 2234 1034 ww

135 1168 145 1184 .
200 1179 270 1252 No.
290 1180 364 1254 707
367 1182 389 1252 6
834 1201 837 1210 Ι
1042 1211 1094 1228 -
1119 1209 1169 1226 -
1598 1089 1881 1215 (Studiosis.)

208 1279 379 1308 Μ
514 1297 519 1308 .
1022 1268 1193 1296 Μ
1345 1251 1368 1306 Ε
1386 1251 1448 1310 cod.
1466 1251 1550 1307 Basil·
1564 1250 1608 1309 89.
1628 1269 1655 1325 p.
1668 1251 1752 1306 nob.

556 1374 839 1497 (Studiffliffil
1245 1403 1425 1484 Decanus
1455 1407 1605 1507 collegii
1624 1405 1832 1510 facultatis
1861 1409 2012 1488 artium.
2038 1413 2164 1504 '(quis?
2192 1447 2244 1467 -·

272 1559 308 1614 Ex
327 1558 413 1617 Riccii
433 1557 556 1617 Miscell.
573 1579 620 1615 no.
635 1558 751 1613 XXXX.
770 1558 868 1626 (deser.
884 1575 898 1611 a
915 1554 1086 1619 mersum.)
1363 1513 1365 1518 Ι
1594 1517 1649 1584 ΛΠ
1670 1518 1893 1604 Mela¹¹th⁰¹¹il

282 1736 289 1753 .
377 1733 384 1752 .
629 1733 636 1751 .
788 1731 796 1749 .
1097 1727 1104 1745 .
1247 1649 1297 1737 Si
1313 1683 1416 1753 saepe
1432 1674 1467 1732 ct
1482 1644 1773 1754 integrepossent
1786 1663 2067 1755 reposcidietata
2082 1663 2121 1732 iu
2136 1659 2248 1734 scho-

204 1731 403 1808 Immm‘w
436 1729 479 1806 P·
515 1729 578 1810 M·
620 1760 659 1803 ἠ
695 1743 897 1804 mmmm
938 1727 1045 1802 1⁵⁰&
1046 1737 1121 1812 am
1154 1723 1198 1809 di
1247 1769 1290 1836 lis
1308 1777 1341 1834 et
1355 1778 1515 1836 accurate
1530 1766 1724 1838 examinari
1737 1765 2142 1851 adolescentes,‘multo
2165 1791 2250 1835 ma-

256 1838 399 1909 ⁰⁶¹i⁰n⁶
425 1836 497 1908 ¹71⁰
525 1832 776 1936 ²''‘²'¹⁸s⁶'‘'²dl
806 1857 968 1904 ”mmm
993 1827 1146 1932 Publwi·
1248 1870 1299 1958 gis
1330 1850 1499 1937 florerent
1526 1867 1655 1940 studia.
1714 1865 2005 1940 Circumdaretur
2033 1869 2128 1938 enim
2158 1892 2248 1938 cuca

206 1979 299 2067 Cras
319 1990 394 2062 Deo
411 1993 516 2062 dante
544 1987 719 2060 inchoabo
743 1989 1005 2060 enarrationem
1026 1987 1198 2057 orationis
1249 1969 2245 2064 2d010⁵⁰0¹1¹ib⁰⁸reddendi&quaeaudhmtetperspl-

208 2095 403 2166 lsocrateoe
427 2087 589 2188 περὶτῆς
605 2084 847 2176 ἀντιδόσεως,
883 2091 922 2158 iu
950 2115 1018 2183 qua
1034 2090 1132 2158 ortilis
1147 2101 1199 2158 est
1249 2096 1324 2190 ⁰⁰⁸·
1340 2072 1580 2190 explissffllffig
1610 2068 1708 2143 Ηθθῦ
1732 2097 1816 2144 0¹¹¹·ss
1845 2073 2065 2163 diligentiam
2089 2090 2242 2165 Parem,

206 2197 513 2279 commemoratio,
547 2197 644 2289 quod
668 2204 778 2284 genus
799 2193 982 2263 literarum
1005 2205 1040 2262 et
1061 2191 1199 2260 studio·
1250 2189 1284 2295 fl
1313 2197 1389 2264 ¹P⁸³
1417 2175 1604 2292 exphcatro
1634 2191 1775 2295 acueret
1797 2175 1941 2250 iudicia.
2000 2173 2117 2265 Magis
2144 2175 2239 2244 enim

205 2323 284 2370 rum
304 2300 488 2390 praecipue
501 2298 612 2387 prosit
626 2297 847 2382 civitatibus,
874 2320 913 2364 ac
929 2295 1037 2364 uurlta
1055 2294 1105 2362 ihi
1121 2316 1200 2384 gra·
1251 2278 1445 2396 utiendum
1476 2299 1511 2345 ὅθ
1535 2300 1645 2346 ³ss1m¹
1669 2303 1708 2348 ¹11
1738 2303 1795 2362 ea,
1823 2301 1913 2370 quae
1938 2291 2247 2396 qnasrgrgnentes

206 2393 1043 2470 'vissimedicnntucdehonestisetiustisoificiis.
1080 2395 1200 2484 Quare
1250 2381 1330 2450 ³¹¹¹⁵
1351 2392 1550 2470 ΕΧΡΟΗΙΙΠΙ,
1583 2405 1688 2472 quam
1714 2405 1803 2474 quae
1824 2383 2130 2452 lantumaurlbus
2152 2375 2248 2450 hnu-

208 2527 310 2596 gpepo
327 2525 402 2571 eam
424 2503 622 2572 mulionem
640 2502 812 2570 studiosis
831 2501 1053 2592 profuturam
1074 2511 1109 2570 et
1125 2497 1200 2589 pla..
1251 2483 1360 2566 l'itlnl.
1413 2479 1567 2551 Monenl
1593 2483 1698 2550 eliam
1717 2483 1876 2554 examina
1899 2483 2136 2552 adolescenless
2155 2483 2246 2575 quid

208 2607 355 2676 citupapn
372 2627 456 2678 esse·
494 2601 651 2674 Proinde
665 2599 789 2674 hortm·
802 2603 999 2688 auditores,
1024 2625 1071 2670 ne
1085 2601 1198 2691 pigeat
1252 2585 1437 2677 praecipue
1449 2583 1903 2654 Observareeimemlnlsse
1918 2586 2079 2658 debeant.
2118 2581 2251 2656 Collo·

209 2731 267 2778 eos
281 2731 425 2798 opor-om
441 2705 612 2776 collocare
627 2706 666 2774 io
683 2708 927 2796 cognoscendo
945 2706 1117 2797 scriptor-o
1132 2704 1200 2772 im.
1251 2688 1373 2782 quium
1397 2709 1482 2760 ,vero
1499 2687 1562 2756 alit
1576 2686 1779 2758 facundiam
1796 2702 1830 2758 ct
1845 2688 1947 2758 affert
1970 2687 2150 2781 quandam
2165 2688 2253 2759 ani-

206 2809 333 2904 pcimis
349 2808 429 2880 utili
440 2823 474 2879 et
487 2803 723 2902 Eloquentiae
734 2823 767 2884 et
782 2809 986 2882 continente
1004 2831 1060 2878 res
1074 2806 1200 2895 dignas
1250 2791 1301 2862 ¹1¹5
1321 2788 1566 2858 ῑῦὓδῑὸῐῐῑῑᾶῐῐῐ·
1616 2788 1707 2858 Nam
1733 2791 1883 2883 quinon
1899 2803 1984 2860 sunt
1998 2789 2183 2862 assuefacti
2200 2794 2251 2860 ad

208 2911 420 3002 cognitione,
1250 2891 1559 2980 respondendum,
1590 2891 1618 2960 si
1636 2891 1994 2986 quiinterrogantur‚
2026 2891 2137 2962 veluti
2149 2905 2252 2962 atto-

1251 2993 1316 3064 niti
1346 2993 1612 3078 obmutescunt,
1653 3008 1687 3066 et
1718 2995 1863 3087 quidam
1890 2993 2003 3064 animi
2035 2994 2252 3066 confusione

1250 3093 1513 3188 impediuntur,
1543 3108 1584 3164 ut
1599 3119 1644 3164 ne
1659 3097 1804 3190 quidem
1820 3096 1978 3187 accipere
1996 3110 2030 3167 et
2045 3095 2249 3186 intelligere

1251 3199 1405 3290 possint,
1447 3220 1537 3290 quae
1568 3213 1831 3290 proponuntur.
1899 3196 2066 3294 Denique
2099 3199 2249 3270 nullum

208 3349 239 3420 N
290 3347 390 3420 7077
1070 3385 1123 3398 —
1150 3385 1200 3398 .-
1252 3300 1407 3372 execcitii
1442 3321 1553 3388 genus
1586 3313 1638 3370 est
1671 3301 1813 3386 utilius,
1857 3302 2064 3394 praesertim
2102 3315 2250 3372 tenerae

217 3375 401 3474 »ἑν-ι’
1063 3445 1195 3474 Μ
1251 3403 1375 3481 aetati,
1409 3425 1513 3493 quam
1538 3402 1709 3472 examina.
1760 3401 1953 3495 indignum
1975 3417 2028 3475 est
2044 3417 2163 3476 autem
2180 3405 2253 3476 de-

588 3546 643 3636 si
677 3548 728 3633 d.
788 3548 797 3568 ·
829 3541 849 3657 )
1251 3503 1398 3574 siderari
1416 3503 1453 3571 in
1470 3497 1590 3572 schola
1612 3504 1841 3596 praecipuum
1858 3506 2015 3582 exercicii
2029 3529 2158 3597 genus,
2184 3507 2249 3576 id-

566 3543 587 3661 (
645 3577 674 3634 u
712 3575 826 3632 '⁰⁸²⁸‘
1252 3605 1406 3700 quescio
1428 3607 1703 3696 saepeadoctis
1726 3607 1866 3680 virisin
1889 3604 1955 3678 hac
1970 3607 2160 3680 Academia
2180 3609 2251 3679 de-

278 3724 625 3782 Exssieetiuttscett.no.
649 3721 732 3776 tht.
762 3721 1081 3794 (aesculanum.)
1121 3725 1201 3800 apo·
1252 3707 1404 3802 plorari‚
1436 3731 1476 3776 ao
1499 3709 1535 3774 in
1555 3709 1659 3778 turha
1685 3734 1730 3778 ue
1744 3725 1891 3801 possunt
1907 3711 2052 3804 quidem
2066 3713 2104 3782 in
2118 3712 2250 3804 publi-

311 3797 434 3868 graphan
453 3797 481 3850 ⁵¹²
499 3793 559 3851 ⁶⁰⁶·
581 3792 662 3848 Μ’·
679 3791 722 3845 ⁵⁹·
742 3811 769 3862 Ρ·
785 3787 853 3846 ⁵³⁵·
1252 3813 1302 3881 cis
1328 3809 1540 3880 lectionibus
1575 3834 1698 3880 omues
1726 3812 1862 3904 integre
1889 3813 2096 3888 examinari.
2156 3810 2250 3886 Ideo

257 3965 283 4040 I
336 3969 342 3986 .
433 3969 440 3986 .
482 3963 519 4039 P
551 3962 608 4038 M
651 3965 659 3984 .
708 3961 761 4034 rb
870 3959 907 4034 A
935 3963 943 3982 .
961 3971 974 4034 ι
999 3975 1012 4035 ἰ
1032 3963 1064 4034 l.
1108 3961 1138 4036 d
1252 3915 1380 4004 grados
1403 3911 1507 3982 ctiam
1534 3912 1689 3983 instituti
1711 3914 1875 4002 fuerunt,
1907 3930 1949 3987 ut
1966 3917 2251 3988 adolescentium

285 3977 458 4042 ”imm
515 4021 524 4045 ⁸
605 4017 614 4038 ¹
626 3989 684 4140 ἦ
726 3987 845 4135 'dmm
907 3987 1081 4036 'mm
1135 3989 1152 4036 θ
1252 4016 1413 4086 doctrina
1430 4013 1533 4084 certis
1550 4014 1748 4086 intervallis
1761 4019 1973 4109 exploretur.
2024 4013 2159 4090 Aenos
2174 4019 2251 4111 ipsi

678 4091 726 4137 ‘m
756 4091 787 4136 θ’
1252 4117 1505 4210 comperimus,
1531 4115 1691 4186 examina
1705 4118 1743 4188 in
1757 4123 1869 4208 gradu
1881 4121 2076 4213 magisterii
2090 4122 2251 4193 mullum

209 4213 392 4298 Absoluta
420 4214 488 4296 hoc
511 4223 623 4314 capite
644 4219 909 4292 Problematum
934 4219 971 4288 in
993 4243 1065 4312 quo
1080 4207 1201 4292 hacte—
1252 4223 1294 4291 ad
1318 4219 1498 4289 excitanda
1516 4218 1631 4287 studia
1648 4219 1727 4312 opis
1742 4223 1911 4296 attulisse.
1964 4219 2012 4294 Ut
2035 4223 2145 4314 igitur
2166 4247 2250 4294 sae-

210 4353 277 4396 uus
296 4327 579 4410 versatissimus,
612 4321 953 4412 proximeincipiam
970 4319 1046 4392 Deo
1061 4323 1201 4394 volente
1251 4325 1331 4416 pius
1353 4321 1468 4390 audiri
1494 4315 1693 4392 scholastici
1711 4325 1847 4414 possint
1869 4325 1972 4396 etiam
1990 4326 2248 4418 primumgra·

209 4454 372 4498 enarrare
399 4423 576 4498 Graecum
599 4423 802 4496 Aristotelis
824 4423 1007 4508 libellum,
1039 4425 1201 4498 enititu-
1251 4427 1337 4496 dum
1351 4424 1512 4516 cupimus
1528 4423 1599 4515 peti
1614 4424 1844 4518 frequentius.
1876 4425 2034 4500 Tenerae
2048 4429 2153 4499 aetati
2168 4453 2252 4498 ma-

210 4531 283 4600 lum
305 4529 387 4600 lecit
410 4534 453 4600 de
478 4527 629 4598 Muudo.
682 4523 807 4594 Brevis
829 4539 881 4597 est
905 4539 941 4598 et
956 4527 1094 4618 elegans
1110 4523 1200 4622 Epi·
1250 4531 1343 4598 xime
1363 4539 1414 4595 est
1438 4549 1527 4616 opus
1550 4519 1618 4596 hoc
1644 4525 1723 4618 ipso
1744 4522 1907 4604 exercitio
1932 4531 1971 4599 in
1997 4530 2040 4600 iis
2057 4529 2249 4601 elementis

209 4647 304 4706 tome
318 4637 361 4702 de
377 4629 555 4715 Planetis,
580 4627 695 4711 Ae're,
722 4625 911 4710 Meteoris,
944 4627 1054 4702 Terra
1070 4643 1104 4700 et
1118 4655 1199 4724 par·
1249 4629 1401 4715 artium,
1428 4651 1518 4720 quae
1534 4628 1688 4716 primum
1706 4629 1938 4703 inculcandae
1954 4645 2056 4718 suut,
2076 4633 2251 4706 videlicet

209 4735 304 4806 tibus
318 4733 452 4804 Terrae
470 4729 620 4826 ideoque
638 4754 802 4802 enarrare
823 4731 981 4818 decrevi,
1015 4733 1199 4830 quiapro-
1249 4734 1289 4802 in
1312 4727 1563 4801 Grammaticis
1585 4743 1620 4800 et
1643 4731 1847 4808 dialecticis.
1908 4733 1984 4805 lmo
2006 4731 2075 4806 hoc
2096 4757 2251 4806 examen

208 4837 398 4929 pemodum
416 4829 609 4906 Methodus
627 4835 797 4928 quaedam
814 4849 885 4920 est,
911 4859 980 4928 qua
996 4831 1145 4930 Physice
1160 4835 1199 4906 in
1248 4835 1346 4906 velut
1378 4824 1578 4927 κατηχήσις
1609 4855 1682 4903 esse
1717 4835 1822 4906 debet
1849 4831 1955 4908 etiam
1991 4837 2251 4909 ecclesiasticae

143 4951 154 4962 ’
206 4941 350 5011 brevem
368 4961 541 5008 summam
559 4951 737 5010 contracta
753 4949 816 5008 est.
849 4935 1065 5008 Libellnsad
1080 4958 1198 5026 regem
1249 4936 1440 5006 doctrinae.
1494 4931 1827 5010 Animadvertimus
1841 4939 1937 5008 enim
1951 4939 1989 5010 in
2005 4951 2103 5011 tanta
2114 4939 2249 5012 iuven·

207 5037 450 5112 Alexandrum
482 5039 632 5130 scriptus
664 5055 724 5110 cst.
790 5037 909 5128 Quare
936 5039 966 5108 si
989 5033 1198 5110 Aristoteles
1248 5035 1334 5111 tutis
1355 5035 1491 5105 incuria
1515 5049 1550 5108 et
1575 5037 1788 5128 negligentia
1810 5041 2249 5134 multossanegrandius-

206 5138 274 5214 hoc
298 5143 468 5236 scriptum
495 5142 641 5232 dignum
660 5142 798 5235 putavit
820 5164 900 5232 rege
921 5141 1103 5226 omnium,
1134 5141 1197 5232 qui
1248 5141 1347 5212 culos
1366 5137 1533 5232 pleraque
1550 5139 1688 5227 pietatis
1706 5141 1878 5216 elementa
1896 5143 2044 5223 nescire.
2094 5139 2161 5216 Eu
2177 5169 2247 5218 au·

206 5269 363 5340 uuquam
398 5245 562 5328 suerunt,
610 5241 912 5334 ingeniosissimo,
953 5267 1019 5313 nos
1055 5265 1197 5336 quoque
1248 5257 1318 5315 tem
1333 5239 1441 5312 officii
1454 5239 1933 5336 nostrioccurrerepublicae
1947 5247 2116 5333 inertiae,
2142 5271 2245 5318 eam-

203 5349 353 5438 dignum
369 5369 441 5416 esse
465 5359 585 5418 nostra
606 5347 759 5419 lectione
777 5356 952 5438 putemus.
1004 5343 1077 5416 Nec
1093 5345 1197 5414 vohis
1247 5369 1316 5443 qne
1339 5343 1528 5415 emendare
1552 5343 1682 5436 quibus
1702 5370 1890 5438 possumus
1911 5350 2047 5436 modis,
2080 5351 2244 5422 neclalia

202 5462 305 5544 turpe
327 5463 377 5524 est
400 5449 489 5522 tanti
511 5449 603 5542 regis
626 5447 889 5541 condiscipulos
912 5469 996 5518 esse
1048 5443 1197 5518 Versio-
1247 5447 1304 5521 via
1325 5457 1379 5518 est
1396 5443 1468 5516 nisi
1488 5442 1645 5536 integrae
1670 5445 1853 5524 doctrinae
1882 5449 2081 5546 explicatio.
2132 5449 2245 5524 -Haee
