4652 6178
105 2243 109 2250 '
256 2239 328 2310 siae
342 2239 594 2332 opinionibus,
614 2265 694 2312 cum
710 2239 883 2310 incertum
894 2240 957 2324 sit,
977 2241 1073 2310 unde
1084 2249 1245 2329 sumptae

230 233 312 312 m
822 225 1247 330 Quarsrtonas
1281 227 1687 317 acroamate
1807 243 1821 257 ··
2161 259 2220 336 ne
2267 259 2268 270 Ν

231 405 400 492 tuissent,
432 408 700 484 assentirentur.
756 403 825 479 llis
848 433 931 480 eum
952 433 1037 490 ,non
1059 410 1235 482 auderent
1288 413 1463 498 οιαιιιίο
1502 415 1694 502 properiter
1736 415 1777 486 iss
1807 413 2012 490 Doctorum
2038 423 2228 505 toocisiai

234 513 476 586 contradicere
496 508 643 594 Ariani,
675 511 786 582 coacti
811 525 896 582 sunt
919 499 1072 582 abiicere
1096 511 1235 606 profes·
1464 514 1603 586 Morti
1611 517 1679 604 ssi,
1713 511 1751 586 ri·
1775 511 1837 590 lii.
1860 519 1962 610 sept.
1985 518 2089 598 154⁰.

235 615 372 686 sionem
395 613 482 684 novi
509 612 695 706 dogmatis.
753 607 849 704 Ergo
875 601 987 684 rufius
1013 630 1066 686 est
1091 638 1134 684 ex
1157 612 1237 706 opi·
1579 615 1586 624 '

238 715 410 788 nionibus
432 717 581 806 receptis
603 715 644 812 in
663 709 822 786 Ecclesia
853 715 1010 786 iudicare
1018 769 1031 802 ,
1064 738 1172 810 quarn
1197 737 1238 786 ex

240 817 357 889 literis
376 813 621 910 Evangelicis,
654 840 744 910 quae
761 817 907 910 pariunt
923 817 1038 888 varias
1063 817 1239 910 interpre-

242 919 407 996 tationes.
811 933 814 940 ’

442 1017 514 1093 Sed
528 1033 651 1092 contra
667 1043 823 1116 oppono.

298 1119 440 1193 Horum
456 1122 648 1209 autoritas,
678 1122 740 1216 qui
758 1143 875 1192 errare
892 1135 1063 1214 possunt,
1089 1135 1125 1192 et
1139 1144 1242 1216 saepe

299 1323 316 1396 l
351 1224 541 1395 lss'umir’
566 1247 641 1296 ¹¹⁰³
657 1238 709 1295 “l
723 1224 949 1341 anleseoendi
965 1226 1075 1342 lirim
1095 1224 1178 1298 ΠΗ·
1293 1270 1331 1340 di
1345 1283 1460 1362 partes
1476 1270 1580 1339 nobis
1595 1293 1753 1352 sumere,
1785 1274 1844 1341 sed
1864 1266 1935 1343 hue
1950 1276 2074 1344 adduci
2090 1295 2235 1367 parentur

318 1350 344 1396 n
400 1326 525 1396 cclesra
548 1338 749 1418 potestesse
768 1348 892 1416 ingens
907 1325 1101 1396 multitudo
1120 1349 1243 1396 erran-
1295 1373 1304 1392 .

351 1425 462 1516 tium,
489 1428 594 1498 etiam
613 1427 802 1508 intereos,
834 1426 895 1520 qui
911 1441 1090 1518 praesunt.

303 1523 399 1622 Ergo
415 1523 544 1600 horum
558 1529 729 1601 autoritas
739 1551 812 1600 non
825 1529 1110 1600 estanteferenda
1121 1525 1244 1600 Evan-

356 1629 460 1722 gelio.

382 1729 563 1802 Minorem
585 1732 719 1824 probo,
751 1730 835 1826 quia
857 1726 1022 1802 Christus
1044 1731 1119 1824 ipse
1146 1727 1246 1814 dicit,

256 1827 571 1904 Abominationem
588 1833 626 1903 in
641 1834 719 1906 loco
734 1848 854 1904 sancto
869 1825 1160 1927 suturamesse¹)
1210 1843 1245 1902 ιι
1295 1780 1614 1872 quib⁰⁵⁰ffl³mur
1629 1779 1781 1848 minimi
1798 1777 1997 1870 Evangelii
2037 1779 2234 1853 summm

1169 1884 1180 1918 θ

255 1935 386 2006 multo,
408 1931 738 2030 psempopmphetas
760 1950 930 2006 ventum
946 1959 1036 2020 esse,
1062 1934 1125 2030 qui
1144 1956 1246 2024 spar-
1296 1904 1371 1949 non
1397 1883 1654 1950 contemnenda
1676 1904 1755 1972 pars
1774 1878 1954 1953 Ecclesiae
1975 1879 2116 1957 Christi.
2161 1881 2236 1954 littei

256 2049 339 2127 gent
354 2035 423 2107 late
437 2035 475 2106 in
483 2033 640 2108 Ecclesia
659 2032 850 2108 horribiles
863 2039 1005 2108 abusus.
1038 2033 1134 2127 Ergo
1149 2031 1245 2104 iudi-

256 2138 351 2208 cium
366 2139 411 2207 de
425 2137 649 2230 dogmatibus
664 2163 739 2208 non
762 2152 816 2209 est
835 2141 1045 2208 sumendum
1061 2163 1103 2208 ex
1119 2131 1245 2208 Eccle-

1287 647 1381 734 Non
1403 675 1455 730 est
1478 657 1653 752 pueritiae
1678 659 1836 731 iudicare
1856 663 1901 734 de
1926 665 2072 756 publicis
2091 669 2234 760 institutis,

1289 765 1352 834 sed
1373 764 1458 832 inde
1480 785 1592 854 usque
1609 745 1656 830 ab
1679 761 1909 836 incunabulis
1925 769 2162 843 adsuefaciendi
2175 795 2233 850 sunt

1290 864 1404 935 animi
1426 865 1470 934 ad
1496 861 1631 954 Legum
1653 877 1689 934 et
1711 865 1938 956 publicorum
1957 893 2089 940 morum
2108 898 2235 946 reveren·

1251 1013 1255 1020 ·
1290 967 1390 1039 tiam.
1448 961 1569 1052 Quare
1595 989 1735 1035 causam
1761 961 1869 1038 huius
1890 967 1981 1040 ritus
2003 972 2235 1068 noniuquirarn,

1291 1091 1357 1138 nec
1380 1091 1438 1136 me
1467 1067 1656 1152 excusabo,
1690 1091 1754 1136 cur
1785 1064 1856 1138 huc
1886 1073 2104 1144 ascenderim.
2159 1076 2235 1148 Scitis

1293 1475 1343 1543 sis
1357 1473 1518 1544 instituta
1533 1488 1603 1558 est,
1636 1488 1677 1544 ut
1699 1498 1764 1543 nos
1787 1475 1888 1566 pueri
1910 1476 2032 1546 mirari
2048 1474 2106 1549 has
2119 1503 2236 1569 pompas,

1295 1677 1413 1746 minus
1428 1676 1558 1746 mirum
1574 1691 1642 1758 est,
1667 1701 1733 1748 nos
1745 1678 1914 1748 interesse
1929 1675 1985 1748 his
1997 1681 2197 1772 spectaculis,
2211 1683 2235 1752 ir

1296 2083 1472 2168 ctoribus,
1497 2080 1551 2154 Ac
1575 2084 1729 2154 vicissim
1750 2085 1854 2170 illos,
1883 2111 1966 2157 curn
1992 2110 2057 2158 nos
2085 2087 2234 2168 intuentur,

1292 2294 1417 2356 rocem
1439 2279 1589 2356 Christi:
1623 2285 1663 2358 Si
1686 2289 1766 2382 quis
1780 2292 1946 2362 scandalo
1967 2291 2148 2384 implicarit
2159 2309 2233 2358 noun

1296 2411 1336 2456 ex
1352 2387 1490 2479 pusillis
1506 2387 1601 2470 istis,
1625 2403 1817 2481 praestaret
1829 2415 1911 2462 eum
1926 2392 2040 2484 mergi
2055 2393 2093 2462 in
2110 2392 2233 2460 imasur·

1295 2489 1370 2562 das.
1419 2487 1515 2560 Haec
1531 2515 1597 2560 vox
1618 2493 1786 2564 admonet
1800 2504 1878 2574 eos',
1904 2519 1951 2565 ιιι
1962 2494 2155 2566 ¹doctrinam
2167 2487 2235 2559 nobis

257 2341 347 2426 sint,
372 2341 401 2409 si
417 2341 599 2412 discedant
622 2339 798 2432 aregula,
825 2335 974 2426 horest,
1001 2342 1046 2410 ab
1062 2337 1245 2432 Apostoli-

256 2443 307 2512 cis
331 2442 482 2534 scriptis.
540 2441 791 2512 Defenduutur
813 2441 955 2534 publice
975 2439 1152 2512 manifesti
1181 2441 1245 2509 ab·

255 2567 358 2624 usus,
385 2543 513 2635 recepti
529 2558 650 2614 contra
666 2540 920 2634 Evangelium,
943 2556 1004 2628 ut,
1028 2541 1161 2612 Missae
1180 2567 1243 2634 pro

256 2643 427 2729 mortuis,
448 2645 660 2730 coelibatus,
681 2641 863 2716 invocatio
873 2643 1097 2715 Sanctorum.
1146 2639 1243 2732 Ergo

256 2771 331 2816 non
348 2759 485 2817 tantum
502 2749 671 2818 debemus
685 2746 753 2818 niti
768 2746 1035 2818 consuetudine.
1086 2743 1242 2838 Tempo-

255 2849 358 2919 ribus
385 2846 531 2919 Arianis
562 2848 675 2917 maior
702 2871 783 2940 pars
811 2835 989 2918 Ecclesiae
1017 2845 1085 2916 fuit
1115 2846 1242 2918 infecta

254 2949 335 3022 labe
349 2944 441 3024 Arii.
498 2947 569 3020 llic
594 2973 668 3019 non
695 2962 832 3042 poterat
852 2949 940 3034 dici,
974 2943 1171 3034 Ecclesiae,
1205 2949 1242 3018 id

256 3065 325 3136 est,
357 3049 582 3122 multitudini
606 3049 659 3121 illi
685 3049 765 3144 plus
784 3052 1001 3120 credendum
1016 3073 1109 3140 esse,
1135 3073 1242 3144 quam

252 3148 464 3242 Evangelio.

356 3251 499 3343 Quaero
513 3252 623 3343 igitur
634 3251 902 3346 explicationem
911 3250 1105 3323 sententiae
1116 3247 1243 3340 Augu-

1295 2706 1348 2762 sto
1370 2695 1558 2766 abducant.
1618 2692 1715 2766 Haec
1738 2719 1821 2766 cura
1851 2713 2019 2790 quantam
2036 2695 2236 2772 eruditionem,

1295 2808 1464 2886 quantam
1488 2795 1766 2884 simplicitatem,
1795 2800 2064 2890 proprietatem,
2088 2791 2237 2892 perspicui·

1295 2909 1400 2965 tatem
1422 2896 1599 2990 requirit?
1651 2896 1742 2986 Quis
1762 2899 1872 2988 igitur
1894 2925 1937 2972 ex
1962 2901 2065 2974 vobis
2080 2915 2143 2970 tam
2157 2899 2235 2966 term

1295 3009 1346 3067 est
1361 2997 1502 3079 anieno,
1528 2997 1590 3092 qui
1611 2997 1755 3070 intuens
1774 3003 1812 3070 in
1834 3025 1985 3104 pueros,
2010 3027 2082 3074 nou
2097 2998 2186 3070 simul
2200 3019 2238 3062 co·

1294 3097 1379 3188 gitet
1403 3101 1447 3168 de
1468 3099 1599 3170 nostris
1621 3115 1657 3172 et
1675 3096 1853 3172 Ecclesiae
1874 3104 2061 3196 periculis,
2090 3116 2122 3176 et
2142 3101 2178 3170 de
2190 3107 2238 3167 tot

1295 3201 1521 3290 posteritate?
1558 3201 1720 3294 quinon
1742 3219 1857 3296 optet,
1889 3221 1929 3278 ut
1952 3231 2039 3300 nos,
2072 3203 2132 3298 qui
2152 3215 2238 3272 sunus

256 3355 353 3430 Μ.
403 3353 485 3424 Non
499 3357 666 3442 antefer„
688 3369 728 3426 ut
736 3357 909 3440 arbitror,
932 3377 951 3424 a
953 3367 1014 3425 mo
1015 3355 1155 3425 ritatem
1170 3351 1242 3426 Ee·
1292 3297 1472 3372 Ecclesiae
1503 3301 1710 3388 seminaria,
1751 3320 1844 3378 recte
1872 3303 2103 3380 erudiamur?
2153 3299 2238 3392 Quare

256 3457 399 3535 clasiae,
434 3457 544 3526 verbo
565 3454 653 3542 Dei3
684 3457 769 3550 quia
791 3455 923 3528 Paulus
938 3457 1072 3550 inquit:
1106 3453 1242 3548 Siquis
1293 3401 1443 3596 2323?
1463 3405 1874 3498 v⁰l⁰¹⁸⁸n⁰¹¹⁸inegr³Vi
1889 3429 1993 3482 “⁰⁸³
2010 3405 2079 3482 huc
2093 3401 2239 3478 ”ddmim

256 3558 354 3630 aliud
367 3554 601 3645 Evangelium
612 3560 746 3644 tradet,
771 3558 817 3630 sit
831 3553 1029 3631 anathema.
1082 3555 1241 3628 Tantum

255 3661 367 3750 igitur
393 3659 500 3731 sentit
522 3659 763 3751 Augustinus,
792 3655 987 3730 Ecclesiam
1019 3651 1240 3778 Catholiearn
1291 3606 2242 3784 Μἰοηῗὲᾶῶἶξζῖἰῇᾘῖἓῗθῑῧῖνῐῗῶειῐὲᾕῑῖθᾰᾙίῑ

253 3761 552 3933 ἱοωίῃϋῖοῗω
562 3764 675 3882 ierim
692 3758 777 3882 Dii’
803 3785 869 3832 Μ
884 3759 1044 3881 ¹⁰q⁰il⁰f
1062 3761 1107 3829 de
1122 3783 1241 3882 ⁰mni'
1292 3805 1488 3898 Ecclesih,
1520 3806 1576 3880 ad
1596 3807 1804 3906 Evangelii
1820 3813 2015 3886 ministros
2039 3805 2194 3892 alendos,
2219 3807 2240 3870 tt

280 3887 323 3934 us
364 3863 546 3932 ominibus
561 3887 600 3932 ιιι
615 3861 791 3949 Ecclesia,
815 3877 849 3934 et
866 3865 910 3932 de
927 3865 1094 3932 omnibus
1114 3876 1240 3933 aetate·
1290 3906 1347 3980 ad
1366 3905 1493 3981 studia
1513 3908 1782 3998 conservanda,
1815 3912 1998 4008 eripiendi
2025 3913 2100 3986 sim
2132 3899 2241 3990 ociosis,

252 3965 331 4035 Μ’·
380 3961 450 4052 ‚Sed
471 3957 539 4033 hoc
560 3963 654 4049 vult,
687 3959 834 4036 Nullum
853 3967 980 4054 dogma
996 3964 1239 4054 recipiendum
1300 4012 1307 4030 .
1377 4011 1400 4030 ..
1734 4013 1741 4031 ,
2011 4016 2019 4035 Ι

254 4089 346 4151 ⁸⁸⁸⁶·
372 4066 469 4158 5⁰⁰³
491 4089 676 4158 nunquam
696 4065 765 4137 fuit
785 4066 823 4135 in
845 4063 1014 4136 Ecclesia.
1070 4063 1166 4136 Haec
1181 4089 1240 4135 re-
1291 4037 1434 4112 ⁸mp²⁸⁸’
1458 4023 1490 4084 θ’
1506 4013 1808 4112 ⁰W¹¹ffnam¹h¹¹⁸
1823 4014 2104 4113 Evani'dmm?

254 4169 337 4258 gula
360 4191 441 4236 vera
464 4179 498 4237 et
519 4167 619 4238 utilis
641 4161 751 4262 est²).
808 4165 879 4238 Sed
904 4179 974 4236 ate
993 4165 1098 4258 cupio
1115 4167 1238 4237 audire
1316 4131 1556 4225 Acl'rlmum‘
1576 4133 1758 4220 n‘l‘lfifsts
1781 4157 1887 4225 8⁸³st
1900 4141 2206 4263 ”fiufflffllumeffss

251 4267 577 4358 interpretationem
595 4267 790 4340 meliorem.
841 4265 996 4338 Maxime
1014 4268 1108 4336 enim
1130 4267 1239 4360 perti-
1338 4247 1513 4322 Nonlicet
1529 4250 1702 4322 ministris
1715 4249 1920 4342 Evangelii,
1943 4275 2141 4350 quenquam
2158 4273 2186 4314 vt
2198 4266 2241 4312 tt·

251 4383 314 4442 net
327 4371 372 4439 ad
392 4367 483 4440 luris
498 4372 698 4456 doctorem,
723 4370 937 4460 intelligere,
962 4369 1049 4463 quid
1070 4369 1238 4441 differant
1390 4375 1489 4442 ΨΘ,
1512 4352 1609 4424 ium
1625 4353 1732 4424 illud:
1757 4355 1870 4426 Arma
1886 4371 2007 4428 nostra
2019 4381 2092 4427 non
2105 4361 2241 4423 suntcre-

250 4471 421 4544 autoritas
441 4471 541 4540 rerbi
562 4469 630 4542 Dei
653 4485 688 4544 et
701 4467 897 4556 Ecclesiae,
928 4485 961 4541 et
977 4485 1151 4565 quatenus
1165 4467 1238 4542 Ec·
1390 4455 1499 4526 n³¹5³·

250 4574 376 4645 clesiae
393 4571 626 4664 opinionibus
640 4587 757 4646 tutum
775 4573 822 4646 sit
837 4573 1015 4644 assentiri.
1062 4570 1160 4646 Dixi.
1337 4551 2242 4662 lmpiinoopossootsinevtexcrtrzexpomronttup

1337 4654 1419 4728 Non
1442 4669 1525 4726 sunt
1540 4657 1649 4747 igitur
1670 4657 1720 4728 eis
1735 4657 1909 4749 eripiendi
1923 4655 2156 4732 Ecclesiarum
2170 4650 2242 4724 rede

1387 4773 1465 4839 tus,
1490 4781 1581 4852 quos
1596 4770 1731 4832 tenent.

1411 4873 1484 4946 Sed
1499 4875 1678 4946 diversum
1689 4871 1881 4966 Augustini
1897 4889 2054 4970 ternpore
2068 4879 2186 4948 factum
2195 4877 2240 4936 est.

248 4925 427 5050 Μ
981 4929 1234 5063 iw'
1285 4973 1483 5070 Imperator
1495 4976 1597 5046 iussit
1606 4977 1757 5061 reditus,
1784 5003 1874 5071 quos
1886 4973 2083 5050 habuerant
2092 4970 2240 5048 Ecclesiae

316 5123 350 5177 tr
364 5116 527 5191 Quaestor.
540 5143 566 5196 p.
579 5119 650 5180 tib.
685 5115 754 5180 ttei.
768 5121 872 5182 consti.
890 5121 921 5182 P.
937 5121 958 5181 t.
971 5145 997 5197 p.
1008 5125 1070 5180 err,
1283 5077 1573 5163 Donatistarum,
1603 5079 1786 5196 transferri
1807 5083 1850 5149 ad
1878 5074 2123 5160 Orthodoxos,
2153 5075 2239 5182 idquf

1282 5179 1441 5252 defendit
1460 5176 1683 5269 Augustinus
1703 5191 1795 5251 recte
1809 5180 1940 5252 factum
1964 5205 2048 5253 esse.
2094 5177 2177 5250 Nam
2189 5183 2239 5241 titt

277 5319 305 5386 i)
324 5317 394 5372 Cum
413 5317 499 5371 serbis
508 5317 646 5387 saturum
664 5332 725 5372 esse
741 5315 838 5388 incipit
858 5315 1044 5388 fragmentum
1060 5319 1231 5394 autographi.
1280 5281 1326 5349 ad
1355 5279 1538 5350 minium
1559 5273 1747 5374 Emsselii
1780 5307 1852 5352 ¹¹⁰⁰
1881 5284 2035 5371 Pffllssffi‘l
2057 5269 2238 5373 Bubefmul'

64 5469 81 5488 ..
230 5473 235 5480 ἱ
273 5400 303 5471 t)
321 5400 401 5455 Here
416 5409 550 5455 --us
568 5399 927 5490 contegantoainotogr.
981 5441 983 5446 .
1194 5453 1200 5460 ,
1279 5404 1409 5474 opum,
1432 5395 1552 5454 tamen
1571 5381 1794 5474 magistratus
1807 5385 1973 5476 politicus
1993 5385 2125 5456 efficere
2141 5375 2237 5452 debet,

1293 1170 1409 1250 enim,
1430 1191 1497 1238 uos
1512 1191 1586 1236 non
1599 1181 1720 1238 nostra
1735 1168 1854 1262 aliqua
1873 1172 2065 1244 temeritate
2079 1171 2235 1248 hasdicer-
2272 1193 2273 1196 ’

1293 1372 1463 1463 imperio,
1488 1385 1528 1441 ut
1543 1371 1794 1442 consuetudini
1809 1375 2021 1455 serviamus,
2046 1401 2128 1469 quae
2142 1379 2234 1450 fortas·
2273 1389 2274 1400 ³

1295 1589 1330 1645 et
1350 1575 1582 1665 magnifacere
1604 1576 1806 1647 studiorum
1828 1579 1959 1666 gradus
1976 1579 2148 1650 discamus.
2188 1581 2235 1651 Sed
2274 1588 2275 1616 ¹

1296 2006 1362 2052 nos
1385 1981 1423 2050 in
1448 1975 1505 2051 his
1522 1982 1685 2073 auspiciis
1706 1997 1787 2054 vota
1802 1984 1915 2056 facere
1935 2009 2001 2076 pro
2015 1981 2181 2074 Evangelii
2191 1987 2235 2052 do·
2276 2008 2277 2018 ¹

1296 2185 1464 2274 cogitare,
1491 2187 1535 2254 de
1548 2187 1667 2256 oneris
1682 2185 1738 2256 sui
1752 2188 2017 2277 magnitudine,
2047 2213 2087 2260 ac
2102 2183 2233 2258 recordari
2277 2216 2278 2262 t

1295 2591 1526 2662 adulteratam
1550 2607 1771 2684 proponant,
1799 2619 1844 2664 ne
1866 2599 1974 2668 rudes
1989 2586 2237 2668 animosaChri·
2279 2636 2280 2682 ι
