4652 6178
75 323 155 402 roe
680 323 1100 423 uutnsrtouus
1136 325 1533 410 acauuutctu
2061 339 2136 412 ato

74 497 254 572 iustitulis
271 521 313 571 ac
332 497 472 591 legibus
490 511 634 593 parere,
657 524 764 597 qtram
781 497 944 576 doctrina
967 507 1082 576 excel·
1133 517 1175 576 ut
1198 525 1295 574 nunc
1328 503 1518 576 Pontifices
1548 499 1713 578 horribili
1743 509 1913 581 servitute
1935 505 2129 582 Ecclesiam

74 603 163 672 lere.
219 599 329 691 Quod
344 603 597 674 cnm‘erbitrer
612 625 675 674 vos
695 629 848 702 quoque,
873 609 970 678 viros
985 610 1081 701 opti·
1133 607 1361 699 opprimunt,
1403 607 1534 678 nolunt
1575 609 1740 702 explicari
1778 613 1960 704 dogmata,
1994 610 2129 686 Christi

73 707 155 775 mus
176 718 214 778 et
234 703 480 796 gravissimos,
503 705 655 792 sentire,
677 701 783 799 'spero
808 733 872 780 vos
888 708 1077 782 consilium
1131 710 1330 780 doctrinam
1353 710 1527 801 patelieri,
1552 712 1671 782 sanari
1689 728 1846 785 errantes
1861 729 1923 787 aut
1944 717 2129 808 ambigen-

77 832 200 878 meum
219 807 436 900 probaturos
454 829 545 896 esse,
572 811 668 904 qnod
689 805 1079 884 laudatissimaeseho-
1130 813 1455 910 tesnconscientias.
1508 811 1742 909 Relinquitur
1767 816 1894 905 igitur,
1926 833 1966 888 ut
1990 820 2127 890 medius

76 914 132 982 lae
147 909 402 981 consuetudini
418 907 853 1005 obtemperandumdux'i.
905 907 1078 988 Cumau-
1129 913 1276 1008 quidam
1295 909 1477 984 Ecclesiae
1498 927 1609 985 status
1630 919 1808 1010 optandus
1831 920 1887 995 sit.
1940 919 2009 992 Sed
2040 918 2126 992 haec

74 1030 148 1090 tem
166 1037 241 1084 nort
253 1012 391 1105 'possim
410 1011 612 1108 eloquentia
629 1015 731 1086 vohis
748 1017 957 1104 satisfacere,
982 1021 1076 1089 dabo
1128 1007 1372 1102 mediocritas,
1398 1017 1468 1086 nisi
1486 1014 1710 1091 Geometrica
1731 1023 1964 1114 proportione
1980 1039 2127 1113 constet,

74 1119 243 1210 operam,
281 1139 329 1184 ne
351 1115 409 1186 eui
430 1116 617 1207 prolixitas
644 1118 818 1192 orationis
847 1122 994 1192 molesta
1020 1123 1076 1194 sit.
1127 1119 1248 1190 statim
1264 1119 1505 1210 degeneratio
1521 1115 1752 1220 ὀλιγαρχίαν,
1770 1124 1826 1194 vel
1843 1123 1881 1194 in
1900 1127 1995 1216 vulgi
2013 1129 2125 1198 licen-

72 1219 122 1294 Et
138 1233 179 1291 ut
193 1218 354 1293 novitate
367 1217 526 1288 taedium
542 1219 662 1315 aliqua
680 1245 719 1290 er
736 1235 837 1314 perte
852 1223 977 1310 levem,
998 1247 1076 1294 ma·
1127 1221 1227 1294 tiam.
1279 1217 1346 1292 Est
1366 1235 1482 1295 autem
1499 1219 1660 1294 Platonis
1683 1227 1866 1319 proportio
1890 1228 1951 1299 illa
1969 1227 2125 1302 Geome·
2207 1259 2208 1266 ¹

73 1325 128 1396 lui
159 1321 403 1418 quaestionem
433 1321 590 1415 aliquam
621 1323 774 1414 agitare,
806 1349 912 1418 qnam
943 1326 1073 1396 artium
1127 1323 1238 1410 trica,
1261 1345 1343 1394 enm
1365 1347 1439 1393 non
1462 1344 1557 1395 unus
1573 1327 1704 1422 aliquis
1722 1330 1945 1416 dominatur,
1970 1335 2029 1402 sed
2045 1357 2124 1425 gra-

72 1425 264 1500 encomion
280 1423 447 1511 recitare,
471 1421 580 1512 Quod
597 1449 639 1496 eo
660 1427 699 1494 in
725 1449 853 1516 genere
874 1430 911 1497 in
935 1423 1000 1500 hac
1017 1429 1076 1498 in·
1127 1427 1195 1496 dus
1218 1427 1327 1512 liunt,
1359 1440 1395 1497 et
1418 1427 1544 1498 delecti
1565 1431 1692 1520 optimi
1715 1443 1750 1502 et
1771 1433 1966 1504 doctissimi
1991 1439 2125 1532 quique

72 1530 170 1624 genii
186 1527 441 1610 imbecillitate,
467 1522 561 1597 nibil
576 1525 862 1622 reperire'potui,
886 1534 982 1626 quod
999 1553 1073 1602 uon
1127 1529 1323 1621 plurimum
1347 1530 1538 1600 autoritate
1561 1532 1692 1602 valent.
1747 1531 1813 1620 Ut,
1834 1536 1878 1606 ·si
1900 1536 1937 1605 in
1964 1533 2122 1610 Ecclesia

73 1647 166 1704 emet
184 1629 496 1720 vulgatissimum.'
620 1671 625 1681 ι
899 1640 902 1649 ’
1127 1631 1331 1724 praecipuas
1352 1631 1557 1702 functiones
1570 1633 1766 1706 doctissimi
1789 1651 1826 1708 et
1848 1639 1975 1732 optimi
1991 1643 2124 1738 quique

178 1733 379 1825 Disputabo
394 1732 520 1821 igitur:
547 1725 677 1828 Quare
688 1727 802 1806 Pluto
817 1729 975 1806 dixerit.-
994 1759 1073 1808 eum
1126 1748 1290 1822 teneant,
1324 1759 1392 1806 nec
1416 1735 1554 1806 iaceant
1584 1737 1663 1828 pari
1689 1739 1859 1811 servitute
1881 1766 2006 1815 omnes
2035 1746 2122 1816 boni

71 1832 319 1937 Reipublicae
337 1843 477 1906 statum
497 1833 679 1932 optimum
703 1859 796 1924 esse,
822 1839 890 1937 qui
906 1842 956 1910 sit
979 1837 1075 1910 inter
1125 1837 1302 1931 oppressi,
1333 1839 1394 1906 sed
1417 1839 1546 1928 gradus
1568 1857 1767 1917 serventur.
1824 1843 1966 1916 indocti
1990 1849 2122 1936 guber-

75 1933 335 2040 Tyrursnidsm
367 1946 399 2007 sl
423 1933 695 2008 Demerraliou
726 1936 887 2028 medius,
919 1963 1074 2038 propor-
1125 1953 1269 2010 natores
1290 1939 1480 2012 admittant
1503 1941 1681 2012 bonorum
1703 1959 1737 2016 et
1752 1947 1940 2018 doctorum
1961 1949 2121 2021 virorum

74 2045 174 2116 tione
188 2037 429 2116 Geometrisu.
480 2039 707 2112 Perliberalis
724 2037 811 2112 mibi
826 2046 903 2115 visa
924 2039 1074 2116 est'Pla-
1124 2041 1286 2134 consilia,
1312 2067 1387 2113 non
1402 2043 1669 2116 confundantur
1684 2049 1825 2140 gradus,
1850 2052 1911 2121 sed
1927 2053 2122 2148 uuusquis-

75 2149 176 2222 touis
198 2145 390 2229 sententia,
415 2158 452 2216 et
474 2145 520 2213 ed
544 2144 658 2214 vitam
678 2145 886 2228 utilissima,
912 2141 1018 2241 qnam
1042 2147 1071 2218 si
1125 2169 1215 2239 que,
1240 2145 1338 2216 velut
1358 2146 1565 2226 stationem,
1589 2169 1693 2218 suum
1718 2150 1835 2220 locum
1854 2164 1997 2224 tueatur
2013 2170 2044 2225 et
2061 2180 2122 2226 or-

77 2263 273 2346 sequantur
292 2249 337 2332 ii,
362 2248 425 2341 qui
449 2261 638 2340 praesunt,
664 2243 759 2318 harad
777 2247 887 2320 dubie
912 2251 1074 2320 beatissi-
1125 2260 1196 2323 net.
1231 2243 1376 2321 Eruditi
1391 2249 1609 2320 iudicentde
1625 2251 1800 2333 doctrina,
1824 2254 1961 2327 indocti
1979 2259 2122 2329 auscul-

78 2378 160 2426 mae
184 2365 285 2424 erunt
310 2351 478 2420 civitates.
531 2348 691 2421 Multum
713 2351 819 2421 etiam
839 2350 1073 2444 Reipublicae
1127 2363 1202 2421 tent
1236 2361 1271 2422 et
1303 2351 1567 2444 obtemperent,
1599 2377 1666 2424 nec
1694 2355 1733 2423 in
1760 2355 1893 2426 alienas
1920 2357 2122 2432 functiones

78 2453 263 2541 conducit,
291 2453 452 2548 privatos
478 2477 555 2522 eam
581 2467 717 2540 tenere,
750 2451 917 2526 ut'suum
942 2458 1073 2542 locum,
1126 2453 1349 2544 irrumpant,
1380 2456 1592 2524 conturbato
1623 2457 1769 2538 ordine,
1805 2461 1893 2532 sicut
1926 2477 1959 2535 et
1990 2459 2123 2534 Paulus

76 2581 255 2654 suumque
280 2579 413 2626 mnntts
444 2555 493 2628 ita
523 2568 708 2641 tueantur,
739 2579 817 2637 ne,
837 2573 1010 2650 quantum
1030 2559 1071 2626 in
1124 2555 1330 2644 gravissime
1354 2567 1495 2636 monet,
1531 2557 1634 2648 rapit.
1659 2559 1715 2632 te.
1739 2561 1784 2628 ad
1806 2557 2009 2650 Romanos,
2039 2591 2119 2636 cnm

75 2663 163 2757 ipsis
176 2677 245 2748 est,
269 2653 510 2752 pulcherrima
535 2657 597 2727 illa
621 2654 809 2728 harmonia
826 2656 1073 2729 Geometricae
1124 2657 1314 2750 praecipit,
1340 2679 1386 2726 ne
1401 2657 1609 2726 immodeste
1634 2661 1677 2730 de
1699 2661 1804 2732 nobis
1820 2667 2032 2752 sentiamus,
2059 2670 2118 2738 sed

74 2763 318 2860 proportionis
344 2762 585 2854 perturbetur.
645 2759 826 2851 Quantam
856 2776 971 2832 autem
998 2763 1072 2831 vim
1124 2759 1368 2854 unusquisque
1383 2783 1448 2855 pro
1466 2779 1532 2827 suo
1549 2762 1647 2830 dono
1668 2765 1827 2836 modeste
1842 2769 1987 2854 serviat,
2013 2788 2118 2840 saraim
2182 2801 2188 2816 ⁴

75 2865 205 2941 habeat
220 2864 380 2940 Platonis
397 2864 551 2949 dictum,
565 2865 616 2933 'in
639 2865 800 2958 exemplo
822 2864 962 2936 facilius
984 2889 1071 2935 con·
1124 2883 1256 2933 munus
1272 2863 1385 2932 ornei.
1415 2859 1512 2930 Haec
1526 2875 1577 2933 est
1593 2863 1655 2933 illa
1671 2866 1793 2936 divina
1811 2871 2008 2960 proportio,
2030 2897 2120 2968 qnae

75 2971 164 3066 spici
182 2970 324 3064 poterit.
478 2969 484 2982 '
606 3003 610 3017 ·
916 2961 920 2970 ⁴
1126 2967 1155 3035 si
1185 2978 1275 3036 esset
1305 2965 1343 3034 in
1367 2961 1524 3035 Ecclesia
1553 2977 1588 3036 et
1610 2965 1648 3036 in
1668 2965 1887 3064 Republica,
1919 2997 2002 3045 vere
2027 2976 2118 3048 beati

181 3073 225 3148 ln
240 3069 398 3144 Ecclesia
413 3069 567 3142 maxime
590 3071 689 3142 cerni
709 3085 844 3164 potest,
858 3065 978 3166 'quarn
992 3093 1073 3165 per·
1126 3091 1291 3144 essemus.

76 3178 236 3250 niciosus
260 3175 305 3246 sit
318 3189 470 3268 uterque
484 3187 613 3258 statos,
638 3171 862 3245 Democratia
880 3188 915 3245 et
930 3169 1074 3270 Tyran-
1226 3169 1306 3242 Hoc
1322 3170 1481 3241 medium
1503 3169 1599 3242 inter
1615 3170 1861 3270 Tyrannidem
1877 3191 1912 3249 et
1927 3177 2120 3252 Democra-

74 3283 148 3353 nis.
200 3278 300 3369 Quid
326 3279 422 3347 enim
442 3277 603 3348 maurum
625 3289 732 3364 esset,
758 3277 787 3346 si
805 3278 912 3368 vulgo
930 3275 1073 3348 licentia
1126 3275 1199 3346 tian
1222 3274 1511 3346 constituendum
1534 3297 1607 3345 esse
1630 3277 1851 3369 sapientibus
1871 3283 2121 3372 gubernatori-

74 3385 350 3468 cortcederetur,
371 3382 535 3469 dogmata
558 3393 592 3449 et
606 3379 698 3450 ritus
719 3381 897 3450 condendi
914 3394 976 3452 aut
992 3406 1074 3450 mu·
1124 3383 1202 3464 bus,
1220 3375 1321 3450 Plato
1337 3375 1433 3448 dicit.
1468 3374 1539 3448 Sed
1555 3393 1730 3472 quantum
1745 3383 1790 3452 ab
1808 3377 1873 3454 hac
1886 3386 2000 3454 lorma
2015 3385 2121 3456 distet

75 3486 205 3560 tandi?
228 3483 348 3554 Tanta
363 3495 415 3553 est
429 3481 526 3573 vulgi
541 3483 707 3568 stultitia,
729 3491 800 3553 tam
817 3481 910 3554 caeci
925 3507 964 3552 ac
981 3481 1073 3552 varii
1124 3479 1303 3566 Ecclesia,
1329 3503 1404 3550 non
1425 3491 1476 3550 est
1495 3482 1704 3556 obscurum,
1750 3481 1840 3555 Nam
1864 3503 1924 3558 aut
1948 3487 2037 3556 iacet
2053 3511 2120 3580 op-

73 3592 250 3684 impetus,
275 3600 316 3658 ut
339 3586 479 3656 infinita
503 3585 702 3671 barbaries,
728 3587 937 3656 etomnium
952 3609 1072 3656 rerum
1124 3607 1243 3676 pressa
1271 3583 1481 3678 tyrannide,
1519 3596 1583 3654 aut
1609 3579 1833 3658 horribiliter
1860 3589 2054 3680 dissipatur
2080 3613 2119 3659 ac

73 3695 115 3764 in
132 3687 293 3764 Ecclesia
308 3689 470 3759 conlusio
484 3688 604 3758 lutura
620 3701 719 3758 esset.
773 3686 938 3759 Vidimus
956 3711 1074 3758 exem·
1124 3686 1299 3758 laceratur
1316 3709 1336 3756 a
1352 3687 1470 3775 vulgo.
1522 3683 1803 3762 Neclalsodirit
1819 3689 1939 3774 Plato,
1968 3715 2119 3784 propor-

72 3799 136 3890 pla
152 3795 338 3890 quaedam.
389 3789 547 3864 Necalia
562 3812 618 3862 res
635 3789 739 3864 initio
756 3787 1072 3882 Anabaptistarum
1124 3790 1259 3860 tionem
1281 3789 1381 3858 illam
1404 3788 1595 3860 difficulter
1618 3789 1795 3878 inveniri,
1821 3817 1860 3863 ac
1882 3795 2054 3864 iudicium
2074 3795 2119 3862 de

73 3899 254 3970 insaniam
276 3894 516 3980 confirmavit,
548 3893 618 3963 nisi
641 3889 728 3963 haec
750 3893 788 3962 in
809 3895 854 3964 iis
871 3893 977 3980 locis,
1009 3893 1073 3964 ubi
1124 3915 1163 3962 ea
1179 3915 1253 3962 non
1267 3913 1340 3960 esse
1358 3886 1568 3976 bominum,
1590 3894 1650 3961 sed
1665 3889 1754 3965 Det.
1787 3893 1857 3967 Sed
1875 3909 1992 3966 tamen
2008 3899 2120 3966 inter·

74 4012 340 4088 convenerunt,
364 3994 607 4084 Democratia,
631 3996 671 4066 iu
694 4020 763 4090 qua
778 3997 884 4088 vulgo
907 3991 1074 4068 homines
1124 3996 1211 4065 dum
1237 3993 1394 4090 aliquam
1425 3993 1501 4064 eius
1535 4009 1670 4086 partem
1702 3999 1809 4066 rebus
1840 3993 2006 4068 humanis
2032 4021 2119 4068 con-

74 4102 253 4198 nepharii,
269 4099 437 4186 seditiosi,
451 4099 585 4194 cupidi,
602 4113 807 4192 sparserunt
819 4099 917 4172 varia
928 4099 1074 4192 dogma·
1124 4097 1278 4188 tingere,
1304 4096 1381 4168 etsi
1398 4097 1589 4190 quidboni
1607 4097 1653 4168 sit
1673 4098 1710 4166 in
1727 4097 1924 4193 Republica
1947 4101 2118 4170 beneficio

74 4223 123 4294 ta,
150 4205 211 4276 alii
226 4229 289 4300 per
303 4201 547 4286 ambitionem,
568 4201 630 4271 alii
647 4199 783 4272 incitati
800 4201 880 4272 aliis
895 4202 1073 4294 cupidita·
1125 4195 1234 4272 huius
1250 4199 1495 4293 proportionis
1511 4200 1672 4274 existere.
1714 4196 1924 4293 Optandum
1942 4203 2119 4292 igiturest

74 4313 194 4396 tibus,
215 4299 260 4378 ¹ut
283 4319 462 4398 praetextu
478 4303 662 4395 religionis
683 4319 985 4400 consequerentur
1009 4331 1073 4396 po·
1124 4303 1309 4388 omnihus,
1333 4315 1373 4373 ut
1390 4303 1485 4372 Deus
1505 4302 1699 4396 aliquando
1725 4298 1816 4373 hanc
1834 4303 2055 4375 Harmonian
2078 4305 2116 4374 in

75 4413 246 4496 tentiam,
272 4409 470 4503 diriperent
492 4407 710 4500 locupletum
736 4407 929 4482 facultates.
980 4405 1073 4478 Nam
1123 4402 1281 4476 Ecclesia
1297 4404 1475 4489 restituat,
1499 4420 1533 4476 et
1547 4427 1624 4490 nos,
1651 4405 1712 4498 qui
1730 4404 1767 4474 in
1783 4407 1910 4504 studiis
1925 4431 2118 4492 versamur,

75 4517 116 4588 in
135 4515 242 4604 vulgo
257 4536 332 4581 non
357 4514 472 4582 solum
490 4510 590 4580 nulla
611 4509 702 4580 ratio
720 4523 788 4594 est,
813 4505 907 4579 nihil
922 4510 1075 4595 consilii,
1124 4510 1248 4578 demus
1271 4529 1434 4599 operam,
1465 4521 1506 4576 ut
1532 4529 1664 4576 munus
1686 4509 1914 4581 commissum
1941 4533 2118 4594 ornemus,

74 4617 180 4689 nulla
202 4615 417 4700 moderatio,
438 4611 621 4683 sedetiam
643 4611 1073 4704 plurimisuntimprohi.
1124 4624 1165 4683 ut
1187 4611 1232 4680 ad
1258 4609 1459 4680 ducendum
1492 4623 1527 4681 et
1556 4607 1788 4682 iudicandum
1811 4613 1996 4682 veniamus
2026 4613 2117 4680 bene

73 4718 126 4793 Et
144 4732 185 4791 ut
201 4716 557 4812 quisquepessimus,
584 4713 838 4784 audacissimus
855 4739 895 4784 ac
912 4716 1075 4784 furiosis-
1124 4712 1286 4782 meditati
1310 4735 1350 4781 ac
1379 4711 1512 4802 parati,
1544 4723 1584 4781 ut
1607 4715 1748 4796 dextre,
1781 4715 1943 4806 proprie,
1977 4727 2012 4783 ct
2040 4715 2117 4782 sine

73 4827 192 4896 simus
207 4833 276 4901 est,
298 4820 347 4889 ita
364 4819 560 4912 plurimum
577 4819 688 4908 gratia
705 4831 811 4912 atque
827 4817 1019 4888 autoritate
1035 4818 1073 4886 in
1125 4815 1335 4886 confusione
1358 4817 1522 4904 dogmata
1548 4815 1724 4905 explicare
1747 4817 1933 4906 possimus.
1985 4812 2117 4886 Assue-

73 4926 188 5016 vnlgo
213 4923 333 5014 pollet.
380 4919 476 4992 Haec
500 4921 639 4990 notiora
655 4933 757 5005 sunt,
784 4943 889 5016 quam
906 4933 946 4991 ut
969 4921 1074 5010 longa
1098 4947 1101 5018 ἱ
1124 4919 1294 4988 iaciamus
1333 4941 1399 4987 nos
1441 4919 1483 4986 ad
1527 4917 1754 5002 modestiam,
1795 4919 1971 5008 fugiamus
2003 4923 2118 4990 πολυ-

74 5029 243 5102 oratione
256 5048 346 5117 opus
362 5024 418 5095 sit.
571 5027 574 5035 '
930 5065 939 5080 ι
1125 5013 1449 5118 πραγμοσύνηνοῑ
1472 5019 1717 5110 petulantiam.
1769 5017 1847 5090 lloc
1874 5024 1982 5090 modo
2003 5023 2115 5093 nostri

182 5127 322 5202 Rursus
345 5141 379 5198 et
408 5123 590 5222 Tyrannis
620 5123 783 5217 pestilera
814 5137 866 5220 cst
886 5119 1075 5208 Ecclesiae,
1099 5162 1102 5189 t
1125 5123 1263 5193 ordinis
1279 5145 1339 5191 seu
1358 5123 1488 5212 gradus
1506 5117 1702 5191 Harmonia
1722 5135 1896 5208 correcta,
1922 5123 2116 5214 plurimum

75 5257 161 5306 cum
186 5227 246 5316 hi,
273 5230 335 5324 qui
359 5229 611 5306 dominantur,
639 5249 713 5296 non
738 5229 825 5296 dant
848 5251 1009 5318 operam,
1034 5241 1074 5298 ut
1099 5198 1102 5290 l
1126 5223 1212 5296 boni
1231 5221 1409 5294 Ecclesiae
1425 5224 1558 5296 afferet.

75 5333 215 5408 Christi
236 5333 386 5423 gloriam
410 5355 450 5400 ec
466 5332 648 5401 veritatem
664 5332 815 5400 reddant
831 5329 1075 5414 illustriorem,
1159 5343 1165 5359 '
1228 5328 1329 5398 Haec
1345 5327 1438 5412 dixi,
1463 5340 1503 5396 ut
1519 5323 1678 5422 Platonis
1704 5328 1915 5398 sententiam
1942 5327 2118 5418 interpre-

77 5463 156 5510 non
175 5436 369 5508 consulunt
391 5433 496 5505 soluti
516 5431 714 5512 Ecclesiae,
738 5434 799 5502 sed
821 5455 920 5500 suam
938 5432 1076 5502 autori·
1127 5445 1240 5516 tarer,
1271 5453 1362 5524 quae
1390 5431 1434 5498 ad
1464 5429 1603 5498 illustre
1630 5431 1799 5500 translata
1829 5429 2047 5520 exemplum,
2080 5429 2119 5500 lit

77 5557 209 5625 tatem,
235 5561 316 5608 suas
337 5559 422 5630 opes
442 5535 633 5606 defendere
656 5545 717 5604 aut
739 5557 865 5625 augere
888 5547 1075 5618 conantur,
1127 5533 1238 5626 magis
1264 5532 1458 5626 perspicua.
1510 5527 1558 5602 Et
1585 5533 1833 5624 praestandum
1855 5533 1961 5601 nobis
1982 5545 2052 5618 cst,
2078 5545 2121 5602 ut

1382 5631 1464 5706 4⁵*
