4652 6178
237 115 332 278 ¹set
849 191 1270 286 Quaesttontts
1303 192 1704 289 acanntncan
1827 159 1831 172 ⁵
2184 242 2238 324 tte

363 374 471 448 Tales
491 370 628 444 furores
646 381 681 441 et
701 391 857 462 poenae,
883 370 1100 443 comitantur
1124 369 1253 466 impie·
1317 370 1385 446 No.
1399 371 1461 450 st.
2052 407 2240 498 „atgagg

262 495 369 554 tatem
387 499 532 562 eorum,
556 471 618 568 qui
640 471 728 544 falsa
752 473 916 562 dogmata
939 488 1130 568 spargunt,
1155 490 1189 544 et
1214 487 1255 545 ut
1307 469 1478 502 Ἃ
2075 502 2238 552 w„

262 609 303 655 aa
317 582 529 658 defendant,
553 574 623 645 sibi
641 571 751 644 landae
772 569 955 646 cohortem
977 577 1193 666 adinogunt,
1220 589 1254 647 et
1373 553 1691 651 lsQeseu'nfflu·
1717 578 1829 636 leot·
1844 581 2086 656 Metsntteoa.
2100 601 2247 678 aunan:

262 685 454 758 ,editiones
476 691 632 749 movent.
681 673 776 748 Nam
798 690 949 771 utraque
977 680 1099 770 regula
1130 677 1254 750 iudicii
1408 643 1565 768 iiiiii'isui.
1573 648 1723 774 'gem
1731 653 1877 782 15:1qu
1880 656 2173 808 iiiiii·iiiisiiiiitid
2184 695 2246 750 quu-

264 786 382 860 divini
397 786 498 854 lirma
514 794 581 852 est:
607 776 689 852 Non
709 779 870 848 adsumes
892 805 1027 850 nomen
1042 779 1108 850 Dei
1126 781 1178 852 tui
1193 806 1254 850 va·
1578 857 1587 876 ‚

262 913 327 976 ne,
354 911 428 959 non
446 883 543 956 euim
557 877 704 952 habebit
714 877 813 952 Deus
826 881 1026 967 insontem,
1050 883 1255 976 quicunque
1307 852 1482 937 mmm
1506 862 1675 928 '‘⁰⁸³⁰“
1701 879 1726 963 a
1748 863 1783 934 Ρ
1789 865 1869 936 ⁰¹⁶¹
1876 887 1896 937 ⁰
1919 865 2055 988 ,mm
2079 874 2166 976 lille,
2187 911 2248 966 Μ

264 1013 356 1062 vane
381 1008 513 1060 nomen
535 969 612 1054 iius
636 998 796 1075 usurpat.
856 985 962 1055 Item:
1002 982 1076 1073 Qui
1096 986 1255 1077 gladium
1307 952 1746 1085 dwmmf'fWQ
1768 965 1818 1036 D·
1844 966 2084 1067 Ollil‘l'l‘),
2112 979 2248 1068 Docleris

266 1091 450 1186 acceperit,
467 1087 584 1180 gladio
600 1084 742 1179 peribit
770 1083 823 1156 Ac
837 1087 929 1156 vidit
943 1087 1082 1180 aliquot
1096 1088 1255 1180 exempla
1473 1055 1637 1134 mmm
1658 1060 1759 1160 fitia,
1785 1091 1827 1140 ”l
1841 1072 2008 1170 dudm
2025 1077 2127 1158 1553·

263 1213 299 1270 et
314 1209 435 1266 nostra
452 1205 564 1273 aetas,
590 1186 742 1260 Sertorii
759 1187 971 1258 seditionem
984 1189 1027 1258 in
1042 1187 1193 1269 Snevia,
1221 1203 1257 1260 et
1306 1174 1400 1261 Nun
1415 1209 1481 1278 ego
1500 1189 1571 1259 iam
1590 1215 1711 1264 causas
1726 1221 1912 1290 quaeram,
1938 1231 2002 1276 cur
2023 1209 2143 1300 ignosci
2160 1219 2247 1294 dibeat

261 1295 458 1372 Monetarii
478 1293 516 1362 in
539 1287 734 1378 Turingia,
766 1289 998 1366 anno‘1525.
1050 1287 1099 1362 Et
1125 1293 1257 1362 deinde
1308 1289 1413 1360 nobis
1435 1292 1573 1383 pueris,
1599 1299 1742 1388 quando
1764 1301 1802 1370 in
1826 1297 1881 1374 his
1896 1308 2073 1382 seniorum
2086 1330 2117 1386 et
2129 1319 2247 1392 doctissi-

260 1403 401 1472 furores
416 1391 727 1484 Anabaptistarum
742 1392 781 1459 in
797 1387 1041 1482 Westphalia.
1094 1391 1162 1463 His
1179 1419 1257 1464 mo·
1308 1413 1449 1462 morum
1469 1394 1629 1466 virorum
1655 1405 1900 1490 congressibus
1922 1413 2026 1483 verba
2048 1416 2247 1506 iacimus,sed

262 1503 332 1574 niti
355 1499 497 1590 tragicis
521 1492 748 1586 spectaculis,
785 1493 940 1585 primum
964 1507 1056 1564 recte
1080 1496 1257 1567 discamus
1310 1495 1448 1564 veniam
1470 1499 1660 1589 precabor,
1683 1505 1780 1594 quod
1804 1521 1873 1576 tans
1898 1534 2002 1605 saepe
2026 1541 2077 1588 me
2090 1520 2124 1592 in
2137 1529 2246 1595 eunden

264 1629 386 1674 veram
409 1598 629 1679 doctrinam,
655 1595 785 1664 deinde
804 1617 841 1664 se
860 1595 1010 1690 quisque
1028 1599 1123 1669 intra
1145 1614 1256 1670 metas
1308 1597 1428 1668 locum
1463 1601 1613 1691 produci
1648 1605 1776 1695 patior.
1831 1607 1954 1684 l'ideri
1989 1619 2083 1708 ¹enim
2113 1624 2245 1720 aliquibus

264 1729 348 1777 suae
371 1699 565 1773 vocationis
589 1697 787 1780 contineat,
813 1721 887 1766 non
911 1723 1181 1793 corrrumpamus
1196 1727 1256 1770 ve-
1308 1723 1466 1792 possem,
1491 1704 1606 1772 audax
1621 1719 1655 1775 et
1671 1706 1777 1777 nimis
1794 1713 1864 1782 mei
1878 1718 2069 1793 admirans.
2114 1721 2245 1820 Equidem

264 1831 322 1878 ras
343 1801 536 1877 sententias
560 1798 758 1892 praestigiis
774 1796 1063 1892 sophismatum,
1089 1804 1179 1872 sicut
1197 1803 1257 1874 lu-
1308 1825 1460 1892 munseo
1478 1827 1591 1876 meam
1608 1805 1795 1880 infantiam
1818 1831 1853 1885 et
1876 1819 2085 1912 ruditatem,
2108 1832 2158 1897 sed
2174 1831 2244 1920 patris

265 1910 345 1981 daei
374 1907 539 1979 scelerate
568 1915 801 1992 corrumpunt
825 1904 959 1972 dictum
991 1903 1094 1974 lacob
1117 1906 1156 1973 in
1180 1905 1256 1976 Ge·
1308 1899 1558 1976 authoritatem
1593 1909 1759 2000 defugere
1792 1931 1882 1986 non
1901 1922 2029 2010 debui,
2059 1953 2140 2021 quae
2160 1933 2243 2002 divino

264 2011 361 2097 nesi,
384 2009 478 2104 quod
503 2003 749 2098 planissimum
767 2017 830 2076 est.
884 2002 1163 2096 FinguntSiloh
1183 2033 1256 2077 esse
1307 2008 1625 2082 mandatosancita
1647 2027 1709 2087 est.
1762 2011 1796 2086 is
1811 2034 1928 2090 eutem
1947 2029 2043 2120 qnod
2061 2055 2145 2100 stunc
2159 2031 2242 2102 iterun

263 2110 569 2198 Nebugdonosor,
595 2118 630 2175 et
644 2106 712 2174 alia
727 2117 816 2174 tetra
830 2109 1032 2193 mendacia,
1061 2133 1151 2201 qnae
1164 2111 1256 2179 reci·
1307 2107 1422 2178 voluit
1438 2135 1494 2179 me
1509 2105 1576 2182 hoc
1591 2114 1629 2182 in
1646 2114 1725 2190 loco¹
1738 2117 1863 2208 dicere,
1883 2149 2023 2198 causam
2039 2127 2150 2206 habuit
2161 2135 2239 2204 arctis·

263 2231 339 2288 tare
359 2206 562 2307 δύσφημον
585 2220 648 2277 est.
699 2203 774 2276 Nos
792 2207 944 2278 sciamus
960 2209 997 2276 in
1023 2234 1062 2279 ca
1084 2212 1256 2280 sententia
1308 2209 1434 2279 simam
1470 2213 1759 2288 corsiunetionem
1790 2235 1825 2294 et
1853 2231 2235 2328 necessitudinemque

265 2314 545 2388 consolationem
561 2331 663 2378 verae
677 2304 856 2378 Ecclesiae
870 2309 1109 2380 dulcissimam
1124 2337 1256 2405 propo·
1308 2310 1376 2404 ipsi
1400 2337 1480 2382 cum
1503 2312 1549 2386 D.
1566 2318 1719 2390 Doctore
1745 2323 1816 2392 iam
1840 2343 1989 2418 ornatu,
2015 2349 2049 2404 et
2072 2352 2156 2428 patre
2171 2337 2238 2430 ipsius

266 2421 370 2490 sitam
394 2438 487 2499 esse,
519 2423 560 2486 ut
583 2409 687 2481 sciret
706 2405 821 2478 Deum
845 2425 941 2480 certo
964 2429 1255 2484 conservaturum
1280 2429 1284 2486 t
1307 2414 1386 2483 viro
1414 2415 1609 2500 clarissimo
1632 2434 1666 2492 et
1686 2424 1889 2500 doctissimo
1913 2447 1986 2504 tam
2010 2437 2073 2508 eliu
2096 2439 2241 2520 intercessit,

265 2543 340 2592 esse
353 2515 520 2588 Politiam
540 2514 579 2580 in
597 2511 706 2596 luda,
731 2511 844 2582 donec
861 2509 1082 2604 Redemptor
1103 2519 1256 2608 promis-
1279 2487 1283 2630 i
1307 2540 1460 2609 quorum
1481 2514 1611 2592 honori
1630 2537 1663 2594 et
1684 2526 1884 2617 factitasti,
1910 2549 1942 2606 et
1963 2538 2037 2630 ipse
2051 2564 2090 2612 ex
2110 2541 2241 2612 animula-

266 2647 327 2694 sus
358 2620 411 2691 ibi
443 2615 724 2707 conspiceretur,
773 2627 807 2684 et
839 2614 1042 2686 testimonia
1074 2619 1255 2689 doctrinae
1307 2631 1383 2704 vet,
1411 2633 1445 2690 et
1461 2647 1518 2691 me
1540 2619 1607 2696 boc
1629 2629 1757 2715 puerili
1774 2633 1890 2704 ollicio
1907 2640 2041 2710 servire
2057 2645 2165 2716 voluit.
2202 2641 2240 2712 l'n

266 2725 486 2806 ostenderet,
511 2731 545 2788 ct
567 2741 632 2809 pro
657 2708 762 2784 nobis
781 2709 898 2786 hostia
925 2717 1039 2804 lieret,
1068 2719 1198 2790 deinde
1221 2738 1256 2795 et
1307 2744 1406 2790 more
1439 2724 1549 2813 igitur
1580 2724 1791 2802 Schnlarum
1818 2741 2062 2830 quaestionem
2091 2767 2243 2838 propensu,

265 2825 485 2921 praedictum
514 2842 586 2888 esse
607 2819 713 2916 finem
736 2817 813 2886 eius
833 2817 992 2912 politiae,
1019 2834 1052 2890 et
1074 2821 1255 2894 collectio·
1306 2825 1482 2914 sumptam
1499 2851 1539 2896 ex
1556 2823 1703 2902 historia
1717 2831 1802 2906 Divi
1820 2837 2026 2926 Laterentii,
2051 2850 2243 2918 cuiusmcno

264 2953 346 3000 nem
370 2922 547 2997 Ecclesiae
571 2945 612 2990 ex
639 2917 815 3009 gentihus.
873 2917 976 2990 Hanc
1001 2923 1196 3015 simplicem
1220 2939 1256 2997 et
1306 2925 1396 2994 riam
1427 2923 1583 2999 Ecclesia
1615 2950 1697 3004 aute
1728 2961 1857 3026 paucos
1884 2945 1961 3015 dies
1992 2949 2178 3022 celebravit.
2218 2941 2244 3015 tt

263 3031 423 3100 nativam
454 3023 664 3095 sententiam
703 3019 902 3119 firmissime
941 3024 1174 3110 retineamus,
1221 3041 1256 3100 et
1306 3051 1438 3119 quaero
1454 3055 1495 3098 ex
1511 3045 1545 3101 te
1561 3031 1752 3106 clarissime
1768 3035 1811 3110 D.
1825 3041 1980 3134 Ductor,
2008 3071 2099 3130 recte
2114 3077 2154 3122 ne
2168 3047 2245 3120 learnt

262 3134 450 3213 discamus,
468 3126 552 3220 quid
569 3122 709 3194 intersit
724 3121 817 3194 inter
833 3123 942 3213 legem
960 3141 995 3195 et
1007 3122 1254 3218 Evangelium‚
1305 3129 1545 3220 Laurentius,
1577 3139 1639 3230 qui
1661 3139 1776 3212 iussus
1802 3150 1941 3219 tradere
1967 3155 2146 3244 pecuniam
2165 3149 2245 3222 Eetls·

263 3236 360 3306 inter
382 3243 559 3300 aeternam
582 3225 776 3311 iusticiam,
808 3237 843 3295 et
868 3227 1051 3316 politicum
1079 3233 1254 3318 ordinem,
1305 3230 1378 3300 siae
1408 3236 1582 3325 praelecto
1617 3241 1717 3312 urbis
1745 3241 1946 3338 Romanae,
1991 3257 2148 3326 maluerit
2175 3255 2245 3322 siun

263 3351 299 3408 et
322 3347 414 3404 reete
432 3351 659 3420 agnoscamus
681 3321 777 3398 hunc
798 3329 1026 3410 mediatorem
1051 3344 1085 3402 et
1100 3335 1253 3406 salvato·
1277 3313 1282 3402 l
1305 3334 1485 3420 amittere,
1513 3363 1618 3431 quam
1643 3343 1812 3434 imperata
1831 3351 1957 3425 tucos.
2010 3353 2059 3428 Et
2074 3355 2247 3452 primunei·

261 3461 359 3521 rem,
385 3457 489 3528 quem
509 3429 615 3501 lacob
630 3429 792 3500 nominat
809 3425 924 3510 Siluii,
948 3455 1018 3526 qua
1035 3458 1121 3502 voce
1138 3437 1253 3506 salva·
1305 3437 1409 3508 detur
1423 3439 1585 3510 debuisse
1609 3465 1692 3514 suae
1709 3445 1945 3526 incolumitati
1971 3461 2164 3543 consulere,
2182 3481 2247 3550 pras·

260 3554 375 3610 torem
401 3532 590 3624 significari
612 3531 745 3603 iudico.
798 3525 846 3601 Et
860 3531 972 3622 placet
988 3547 1088 3604 vetus
1103 3533 1254 3633 Etyma·
1305 3539 1427 3608 sertim
1443 3566 1522 3610 cum
1536 3542 1643 3614 luerit
1664 3547 1794 3622 talibus
1806 3555 1910 3628 dunis
1925 3557 2094 3648 ornatus,
2117 3573 2249 3654 utpotae

262 3632 495 3732 logiaSiloh,
514 3636 639 3714 idest,
663 3633 927 3706 loetusmatris.
977 3633 1181 3710 Acinetum
1203 3641 1253 3712 sic
1304 3640 1353 3710 rit
1374 3667 1454 3711 cum
1476 3643 1591 3714 fructu
1607 3643 1785 3722 Ecclesiae
1801 3651 1869 3726 Dei
1887 3664 2034 3736 servire.
2087 3665 2250 3760 lthuepre-

262 3741 427 3812 nominat
443 3740 488 3808 ab
505 3737 644 3805 infirma
666 3734 827 3817 fasciola,
854 3759 944 3830 quae
960 3738 1167 3812 nominatur
1185 3735 1253 3836 χό-
1305 3741 1836 3842 baripotcsthocargumento:
1914 3743 1915 3746 Ἴ
1978 3833 1984 3842 ,

264 3863 358 3938 ριον.
412 3837 536 3909 Voluit
561 3835 874 3927 enimsignilicare
897 3837 1024 3925 Iacob,
1050 3841 1162 3913 fitium
1184 3841 1253 3916 Dei
1354 3846 1504 3918 Latroni
1519 3866 1682 3943 erepturo
1697 3857 1816 3944 vitam,
1842 3863 1911 3932 nisi
1927 3869 2191 3956 pecunindetur,
2210 3887 2250 3956 pe

263 3933 535 4036 adsumpturum
557 3963 630 4008 esse
652 3937 828 4008 infirmam
856 3939 1076 4030 pelliculam,
1102 3946 1253 4018 moritu.-
1406 3949 1477 4018 tius
1492 3955 1640 4042 pecunia
1657 3959 1773 4028 danda
1788 3978 1857 4050 est,
1882 3991 1992 4060 quam
2006 3971 2184 4044 amittenda
2197 3967 2250 4044 vita,

265 4071 364 4130 raro,
390 4059 426 4115 ct
446 4038 637 4115 horribiles
658 4041 799 4110 dolores
817 4054 852 4110 et
868 4064 1009 4112 sensum
1026 4043 1098 4113 irae
1113 4043 1180 4118 Dei
1196 4063 1253 4120 to·
1406 4052 1489 4142 quia
1509 4077 1551 4122 ex
1567 4059 1707 4130 duobus
1724 4063 1827 4134 malis
1844 4067 1927 4159 eligi
1943 4071 2053 4144 debet
2068 4075 2103 4146 id
2119 4065 2250 4170 quodni

199 4228 204 4242 .
263 4151 474 4228 letaturam,
497 4168 588 4240 quae
602 4154 720 4216 umen
737 4143 856 4212 lutura
873 4158 962 4215 esset
979 4145 1115 4220 victrix.
1406 4176 1474 4224 nus
1488 4169 1550 4232 est.
1995 4205 1998 4210 .

1354 4249 1555 4328 Praefectus
1573 4255 1798 4354 imperatoris
1813 4271 1967 4364 petebat,
1995 4300 2071 4350 non
2087 4279 2181 4350 vitam
2188 4271 2252 4344 Lau·

356 4351 598 4442 Agnoscamus
616 4359 732 4416 autem
751 4369 816 4416 nos
831 4371 911 4416 vere
925 4373 1005 4419 reos
1020 4363 1053 4420 ct
1070 4367 1250 4424 cruentam
1406 4359 1532 4445 rentii,
1552 4364 1613 4432 sed
1630 4367 1831 4454 pecuniam:

262 4455 466 4551 pelliculam
482 4473 572 4534 csse,
597 4449 658 4518 sed
675 4448 755 4518 ideo
770 4471 836 4544 nos
850 4451 1000 4538 servari,
1027 4453 1110 4546 quia
1125 4457 1252 4528 fascio·
1353 4451 1450 4549 Ergo
1472 4459 1687 4538 Laurentius
1709 4469 1834 4542 debuit
1854 4479 2043 4565 pecuniam
2062 4483 2142 4552 dare
2161 4475 2250 4571 potis

264 4561 336 4630 lam
358 4569 499 4626 nostrae
517 4564 665 4620 naturae
687 4549 783 4621 lilius
804 4549 872 4623 Dei
896 4552 965 4623 sibi
986 4556 1187 4646 copulavit,
1211 4584 1252 4631 ac
1406 4587 1512 4656 quam
1532 4557 1704 4660 Tyranno
1727 4595 1856 4665 ,orpus
1878 4583 2086 4656 crudelibus
2109 4581 2205 4653 modi,
2218 4576 2251 4642 hb

264 4673 449 4754 propterea
464 4665 601 4724 nostras
617 4651 796 4742 pelliculas
811 4653 949 4739 induit,
969 4671 1010 4727 ut
1026 4658 1200 4729 iusticiam
1217 4677 1252 4734 et
1406 4669 1598 4738 cerandum
1612 4670 1776 4746 obiicere·

262 4763 373 4832 vitam
394 4759 500 4830 nobis
521 4755 654 4825 reddat.
706 4753 775 4824 Sed
799 4749 886 4826 haec
908 4779 1010 4863 saepe
1027 4757 1115 4829 alias
1130 4763 1252 4854 copio-
1740 4773 1847 4848 stem:

264 4867 337 4934 siras
355 4853 589 4932 declarantur.
641 4851 719 4925 Oro
743 4871 859 4926 autem
883 4853 980 4929 hunc
1002 4859 1118 4954 ipsum
1137 4864 1250 4936 filium
1354 4864 1516 4942 Ministri
1530 4867 1708 4946 Ecclesiae
1729 4902 1804 4949 non
1821 4883 1952 4957 debent
1976 4890 2156 4980 pecuniam
2174 4879 2251 4978 pluris

262 4963 434 5056 virginis,
481 4958 678 5060 Dominum
713 4971 873 5028 nostrum
909 4957 1026 5032 Iesum
1057 4958 1251 5058 Christum,
1404 4971 1536 5060 lacere,
1560 5001 1667 5070 quant
1690 4979 1819 5068 vitam,
1844 4985 1939 5058 iuste
1965 4990 2074 5063 illud:
2107 4980 2250 5064 Autem

204 5073 207 5079 ’
263 5067 466 5140 crucifixum
491 5086 555 5154 pro
582 5059 685 5130 nbbis
701 5071 735 5128 et
750 5060 1013 5150 resuscitatum,
1038 5078 1080 5136 ut
1096 5059 1159 5136 has
1178 5072 1251 5140 fra.
1406 5073 1573 5164 pallium,
1596 5083 1749 5152 concede
1765 5097 1800 5154 et
1816 5089 1991 5162 punicam.

262 5171 348 5262 giles
360 5165 540 5247 fasciolas,
565 5163 688 5246 idest,
713 5161 908 5254 nosipsos,
934 5178 968 5235 et
990 5179 1110 5272 coetus
1125 5165 1250 5244 Eccle·
1353 5173 1567 5249 Laurentius
1593 5185 1896 5260 conservationem
1925 5195 2100 5284 pecuniae
2126 5183 2251 5289 praetuli

262 5275 333 5344 siae
369 5283 405 5342 et
436 5261 586 5339 Scholae
624 5263 817 5336 clementer
852 5267 1025 5354 gubernet
1056 5283 1091 5341 et
1124 5289 1250 5352 servet.
1404 5299 1486 5348 suae
1504 5281 1606 5352 vitae.

259 5373 354 5446 Diri.
1351 5373 1754 5470 Ergononrectetecit
