4638 6176
79 295 145 374 565

78 465 135 538 No·
153 459 230 536 tto.

80 558 233 593 w-

878 468 928 510 an.
945 438 1044 507 1540.

850 534 1058 570 Μ

140 675 259 732 Pcimram
281 669 386 726 editum
415 664 443 720 in
468 659 592 718 Garmias.
611 653 809 713 wormaciens.
852 645 1008 720 Repetitnrn
1027 640 1057 694 in

166 763 229 869 opp.
240 741 309 824 Mel.
324 741 385 820 llast
397 735 429 790 T.
441 731 477 792 V.
495 751 523 806 p.
536 731 597 786 860.
638 726 741 780 lterum
762 721 791 776 in
811 719 879 775 Met.
896 711 994 771 consil.
1013 711 1058 765 lat.

167 833 189 899 a¹
220 810 306 868 esebo
319 807 398 862 eslans
411 801 481 888 P.·l.
505 821 532 874 p.
545 801 608 858 408.
627 806 656 880 et
667 795 695 850 in
709 793 788 866 epist.
799 788 866 845 blel-
881 787 914 840 ad
928 784 1057 860 Carnem-

168 873 515 1036 tlltlllabltl:
534 849 1058 995 ltf'll'tt‘llttlllttnalss

168 1035 221 1076 trae
240 1015 444 1072 :denitunam
458 1008 621 1074 Gnldstein,
640 1003 739 1059 deinde
760 999 933 1071 llesponsrans
947 986 1061 1046 Melan-

167 1089 272 1152 tbonis,
292 1083 406 1140 nomine
421 1077 538 1136 Chiliani
558 1075 698 1146 scriptum.

541 1234 586 1310 Α.

101 1388 317 1466 dltla‘ono
345 1375 594 1454 Goldstea‘n
625 1365 865 1442 lohannes
897 1360 1041 1431 Stur-

368 1485 491 1555 ms‘ass
521 1473 757 1548 Wornaotioe.

173 1636 417 1715 Ornatissime
439 1627 624 1716 Chiliane,
650 1621 791 1722 quaeris

172 1745 273 1836 Quid
290 1743 338 1810 mi
357 1739 456 1811 triste
470 1736 538 1806 luit
554 1755 616 1826 per
632 1726 736 1799 bosce
753 1716 913 1793 menses?

171 1849 244 1919 Per
260 1867 348 1940 qnos
364 1839 545 1912 iusticium
563 1836 705 1904 videtur
722 1849 810 1896 esse:

175 1950 417 2040 lndignnrque
439 1943 622 2036 lremoqne
637 1933 732 2028 quod
748 1918 937 2001 Cocblens,

171 2053 221 2124 Et
237 2047 477 2124 sorbonicus,
504 2055 538 2112 et
555 2041 654 2129 niger
672 2033 850 2118 pelargus,

38 2251 46 2268 ι
174 2155 339 2246 Cumque
351 2145 408 2219 his
422 2143 571 2224 Nausea,
597 2155 631 2211 et
646 2135 773 2208 Eeeins
791 2121 991 2221 sophistae,

176 2259 265 2330 Pars
283 2250 452 2346 ignobilis
467 2244 638 2318 undecim,
649 2241 823 2318 virorum,

178 2359 362 2448 Regnent,
387 2367 421 2423 et
435 2350 590 2420 retinent
606 2365 687 2414 suns
709 2351 889 2432 patronos,

180 2461 227 2538 Et
244 2462 398 2530 frontem
413 2453 567 2534 feriunt,
595 2441 758 2537 nihilque
774 2439 915 2508 cedunt.

178 2566 262 2638 Hoc
277 2561 328 2630 mi
345 2557 444 2630 triste
459 2553 526 2623 snit
541 2551 661 2618 videre
677 2555 889 2614 monstrum.

176 2669 320 2742 Rarrsus
335 2661 421 2756 quid
440 2653 610 2726 recreavit
626 2675 665 2720 ae
683 2644 816 2726 refecit,

176 2768 298 2846 Audi,
324 2769 409 2834 dum
425 2767 607 2836 metuunt,
633 2750 811 2840 nimisque
832 2738 968 2831 agendo

178 2872 275 2944 Tam
290 2867 420 2938 multas
436 2861 504 2932 sibi
519 2858 648 2950 gratias
664 2847 891 2944 prehensam,

177 2979 428 3062 Avertuntqne
445 2967 578 3040 bonos,
605 2952 768 3047 nihilque
785 2955 973 3042 praestant,

178 3077 359 3150 Nos'dum
376 3069 429 3138 nil
444 3087 585 3148 snmus,
611 3075 645 3130 et
662 3059 815 3126 iacemus
831 3069 970 3120 omncs:

180 3177 320 3248 Victrix
336 3194 439 3243 cansa
453 3167 521 3238 Dei
538 3176 673 3246 manet,
700 3159 858 3246 iacetqne

181 3279 391 3353 Monstrum
404 3260 641 3367 χρυσομανές
657 3257 720 3334 καὶ
743 3249 940 3346 ὀξύθυμον

178 3371 453 3476 ποριοβοσκὸν,
488 3364 681 3462 ἄνανδρον
689 3413 701 3456 ,
726 3357 789 3456 ἠδ’
817 3344 953 3449 ἀπηνὲς

178 3481 248 3580 ἠδ’
272 3467 521 3575 ἀπροσκορές,
545 3465 612 3565 ἠδὲ
636 3457 921 3567 yuoepidovlor,

180 3583 250 3662 καὶ
272 3577 499 3678 μιαίφονον,
524 3568 590 3670 ἠδὲ
613 3562 871 3664 drclpriloayos‘.

561 3759 604 3836 Β.

363 3907 532 3990 Responsio
554 3900 636 3966 Phil·
655 3891 800 3960 Melantb.

186 4067 240 4141 Ut
254 4069 427 4156 spernunt
443 4051 559 4123 medio
578 4043 666 4116 mari
683 4037 855 4136 procellas

188 4163 316 4243 Securi
332 4155 488 4252 scopuli,
514 4177 554 4224 ae
570 4147 597 4245 ¹)
618 4158 723 4216 notos
739 4143 945 4212 lrementea:

187 4271 251 4345 Sic
264 4262 438 4344 convitia,
463 4270 498 4328 et
513 4257 666 4346 impetus
682 4245 871 4326 malorum,

190 4372 330 4445 Omnes
347 4361 513 4446 insidias,
539 4355 674 4434 minas,
699 4348 849 4426 lurorcs,

191 4476 267 4548 Nos
279 4481 506 4542 contemnere
521 4455 623 4528 iussit
638 4453 699 4522 ille
713 4447 846 4522 Rector
857 4437 886 4538 ¹)

195 4575 350 4650 Aeterno
369 4565 526 4659 genitore
543 4573 669 4642 natus,
694 4573 791 4622 arma

195 4677 270 4771 Qui
286 4685 409 4745 contra
425 4667 516 4756 gerit
530 4659 671 4754 agmina
685 4647 887 4745 impiorum,

195 4781 244 4854 Et
259 4773 404 4871 depellit
417 4767 599 4863 Erinnyas
614 4753 787 4834 Draconis

97 4935 303 4958 μ

127 5033 159 5102 t)
180 5035 208 5082 st
225 5025 349 5090 Canen,
366 5015 431 5072 Pes.
444 5020 472 5068 et
484 5009 546 5064 llas.

125 5134 158 5203 ί)
181 5133 265 5186 nidor
282 5125 405 5190 casnm,
424 5115 487 5172 Pes.
501 5121 528 5168 et
540 5107 603 5164 bas.

1121 2701 1302 2830 Q

796 256 1124 350 CARMINUM
1176 253 1285 336 tta.
1310 251 1365 330 ll.
1436 261 1442 276 '

1210 421 1316 508 lrati,
1341 447 1381 493 ac
1395 421 1479 492 odio
1493 414 1562 489 Dei
1578 416 1740 505 furentis,

1210 525 1448 618 Delenditque
1463 517 1611 592 eborum
1635 519 1753 610 pium,
1774 535 1958 596 sonantem

1209 627 1343 699 Vocem
1358 623 1565 716 Evangelii,
1589 619 1726 718 Deique
1741 623 1875 699 landes.

1210 729 1285 802 Nec
1299 727 1451 824 Cyclops
1464 726 1678 797 metuendus
1696 725 1758 795 ille
1772 727 1888 810 nobis,

1212 831 1352 904 Nomen
1368 829 1428 924 qni
1447 829 1515 899 sibi
1533 827 1641 898 sumit
1654 822 1859 916 Eceianum,

1213 932 1288 1022 Qui
1303 948 1338 1005 te
1351 928 1493 1003 Christe
1508 930 1649 1022 probris
1664 929 1802 1001 lacessit
1816 933 1942 1015 audax,

1214 1032 1474 1127 Obseoenaqne
1487 1031 1638 1102 libidine
1653 1029 1859 1126 inquinatus

1216 1135 1320 1210 Potat
1338 1161 1418 1207 curn
1434 1135 1591 1229 Satyris,
1618 1134 1761 1226 suisque
1778 1135 1914 1210 scortis.

1215 1241 1285 1314 Sed
1302 1261 1437 1332 poenae
1456 1237 1597 1306 venient
1616 1235 1767 1306 luendae
1781 1251 1816 1308 et
1831 1238 1910 1330 ipsi,

1219 1341 1472 1434 lugentemque
1487 1339 1630 1409 oculum
1648 1350 1746 1408 eruet
1760 1343 1912 1431 superbo

1216 1443 1355 1536 Hospes
1372 1446 1416 1512 de
1432 1442 1561 1512 misero
1576 1435 1686 1510 oborn
1703 1439 1856 1532 piorum,

1218 1545 1428 1618 Contemtns
1444 1546 1542 1614 velut
1559 1537 1659 1624 aduc
1676 1542 1736 1611 ille
1751 1545 1946 1637 quondam,

1195 1715 1198 1726 .
1219 1649 1287 1722 Sed
1306 1660 1460 1718 mentem
1479 1660 1584 1739 atque
1600 1668 1728 1728 manns
1745 1645 1821 1716 Deo
1838 1663 1991 1738 regente.

1223 1751 1327 1822 Tame
1342 1743 1380 1842 ”)
1397 1749 1527 1819 circum
1546 1745 1662 1840 Satyri
1679 1741 1810 1840 bispidi
1827 1749 2010 1840 iacentem,

1223 1851 1476 1944 Gibbnsnaque
1497 1849 1681 1936 Pelargns,
1708 1865 1741 1919 ct
1755 1845 1944 1937 Cocblens,

1219 1954 1339 2027 Edant
1355 1979 1417 2046 pro
1435 1952 1591 2023 Dnnrino
1610 1951 1729 2020 irritas
1745 1955 1919 2045 querelas,

1221 2059 1290 2130 Sed
1309 2057 1422 2126 victor
1436 2067 1565 2125 statuet
1582 2048 1750 2144 trophaea
1766 2049 1940 2132 Christus.

1221 2155 1319 2250 Ergo
1337 2182 1401 2228 nos
1415 2157 1546 2228 alacres
1563 2169 1741 2248 petamus,
1768 2169 1873 2251 atque

1223 2259 1457 2354 Expecternus
1471 2283 1574 2352 opem
1589 2282 1607 2326 a
1624 2271 1770 2349 parente
1784 2281 1916 2346 rerum,

1221 2361 1378 2436 Exaudit
1393 2362 1451 2455 pia
1470 2375 1551 2432 vota
1571 2359 1634 2456 qni
1652 2383 1809 2430 suorum.

1393 2567 1633 2582 ““·······“···““
1902 2574 2106 2592 ···—-—--

1924 2731 1973 2781 ao.
2001 2711 2097 2784 tato.

1900 2800 2114 2853 ,νων

1191 2893 1552 2972 Seciptapobl.Witteb.l.
1586 2895 1646 2956 ,ill
1664 2923 1699 2936 -
1734 2895 1770 2950 be
1790 2898 1893 2954 'tnreti
1955 2901 1963 2918 '
2062 2903 2069 2920 ⁸

1228 2969 1343 3052 naetipae
1359 2966 1495 3039 practicae
1511 2912 1655 3047 metbpdus
1667 2965 1754 3046 facilis
1769 2915 1817 3036 {br
1832 2917 1983 3026 Gembl'sbl
1991 2903 2121 3032 l'rAialllsba.

1228 3033 1802 3178 lsslttssstbltl‘.:lfflllvll
1818 3037 1959 3162 {illst->-
1979 3043 2026 3095 ¹¹⁵³
2039 3011 2121 3099 ‘¹³⁸¹‘

1229 3189 1271 3231 est
1282 3177 1336 3232 boe
1352 3191 1463 3230 armen
1476 3173 1546 3245 apud
1562 3123 1687 3230 Vinaza
1703 3191 1729 3246 p,
1744 3174 1804 3229 137,
1923 3113 1943 3175 '⁸
1983 3109 2122 3169 amm

1317 3332 1514 3426 Philippus
1532 3331 1765 3409 Melontlom
1796 3333 1944 3433 (1540.)

1130 3485 1254 3562 Mulae
1271 3485 1461 3579 asinaeque
1476 3484 1567 3552 duos
1584 3479 1739 3573 imponit
1755 3487 1916 3558 servulus
1932 3503 2042 3573 utres,

1133 3591 1303 3683 tmptetos
1319 3589 1423 3672 vino,
1449 3607 1662 3678 segnemque
1676 3601 1717 3658 ut
1732 3588 1823 3659 vidit
1839 3585 1996 3662 Asellam

1133 3693 1295 3765 Pondere
1313 3691 1483 3760 defessam
1502 3686 1646 3776 vestigia
1666 3689 1770 3778 ligere
1790 3692 1900 3776 tarda,

1134 3795 1237 3868 Mula
1248 3787 1277 3890 ²)
1294 3803 1411 3882 rogat:
1427 3789 1513 3882 quid
1524 3811 1603 3859 cara
1617 3813 1746 3880 parcns
1756 3805 1910 3875 cantare,
1925 3793 2128 3892 gemisqne?

1135 3897 1252 3972 Unam
1268 3919 1309 3966 es
1323 3907 1402 3965 utre
1415 3906 1477 3962 tuo
1491 3913 1693 3964 mensnram
1708 3891 1739 3962 si
1753 3889 1843 3965 mibi
1861 3901 1999 3983 reddas,

1134 3997 1295 4091 Duplum
1310 3995 1430 4067 oneris
1446 4007 1531 4064 tunc
1547 3993 1620 4085 ipsa
1634 3995 1762 4082 seram3
1788 3999 1849 4068 sed
1863 3999 1893 4066 si
1910 3999 1975 4070 tibi
1992 4001 2128 4072 tradam

1136 4099 1254 4175 Unam
1272 4121 1496 4176 mensuram,
1523 4094 1609 4167 fient
1625 4098 1784 4191 aequalia
1800 4099 1943 4192 utrique

1135 4202 1312 4276 Pondere.
1362 4198 1554 4274 Mensuras
1570 4197 1627 4268 die
1645 4199 1747 4270 docte
1764 4196 1956 4272 Geometcr
1971 4201 2063 4275 istas

1138 4352 1364 4374 Μ

1153 4423 1199 4496 ἰν)
1218 4424 1253 4479 Et
1270 4423 1393 4492 caman,
1414 4422 1477 4480 Pes.
1491 4433 1517 4477 et
1531 4422 1592 4478 llas.

1171 4509 1252 4596 1).Ηί
1271 4519 1350 4564 sunta
1372 4505 1577 4594 Es’plstdss
1599 4511 1856 4579 Paupsspsaosi.

1208 4583 1336 4664 Hptqrsq
1353 4577 1400 4633 sol
1418 4595 1484 4636 osse
1500 4579 1656 4648 perplacens
1672 4573 1751 4634 aleae
1768 4579 1891 4648 [dossas.

1206 4647 1306 4774 Aplrsp
1319 4665 1384 4707 sess
1396 4645 1480 4704 nard
1500 4651 1553 4712 acar
1571 4646 1617 4704 δι’
1633 4647 1719 4718 ἀχθιΐ
1735 4645 1842 4718 pe'psos
1859 4651 1927 4704 lss‘o.

1206 4725 1264 4841 Ψ
1301 4715 1315 4772 l
1330 4722 1601 4842 βιιρισηοναίινουσιιν1
1612 4716 1689 4780 Ιδοῦς
1701 4717 1824 4804 ἐρίκην
1840 4718 1958 4788 tsatsss,

1207 4805 1311 4928 effi
1321 4791 1431 4912 “vlf
1429 4807 1484 4926 201
1499 4785 1747 4930 fiammis?
1758 4803 1879 4922 ml

1206 4929 1243 4982 Et
1259 4923 1292 4983 cll
1309 4873 1529 5014 sinadam,
1549 4923 1660 4989 adnue
1676 4924 1791 4994 tca'rsu
1807 4875 1953 4998 psldbl’ar·

1170 4993 1710 5152 '’lvtpsscdptsdpprqpscppepedqpasptqr
1721 4996 1862 5066 mamae.
1878 4995 1973 5068 (Vina.
1978 4992 2132 5068 balneo-l

1293 5123 1302 5140 0
1418 5121 1428 5156 ι
1603 5125 1610 5140 Ι

901 5327 1321 5361 ...ιω-*Μ
