4686 6172
96 311 166 384 aas
545 295 858 398 senonum
903 293 984 386 ¹nr
1035 231 1269 370 anavus
1321 250 1675 372 couctouns.
2039 295 2115 374 sos

94 481 203 574 gignit
218 477 407 570 imaginem
424 476 498 564 sui,
523 475 641 570 genita
660 498 743 544 vero
763 473 877 562 imago
895 468 1081 562 rogitatio-
1133 467 1282 540 alicuius
1310 462 1480 540 historiae
1510 468 1642 539 lactum
1664 479 1826 542 tractare.
1879 465 2002 564 ltaque
2031 493 2113 540 cnm

95 578 336 680 ιιιλόγοςοιι.
387 577 521 672 Estque
537 579 671 666 integra
686 574 801 647 Patris
816 575 944 664 imago.
995 570 1082 644 Cre·
1135 585 1398 662 praeceptorum
1423 567 1649 656 authoritati,
1674 563 1799 640 bacin
1822 595 1859 645 re
1878 572 2031 642 libenter
2043 574 2114 644 dn-

95 689 139 756 du
171 699 264 756 recte
293 679 379 752 baec
410 680 491 750 dici.
525 741 529 753 .
562 680 631 750 Sed
661 678 710 746 sic
734 677 941 748 nominetur
963 666 1082 772 λόγος,
1132 673 1243 742 xeriru
1261 697 1332 745 esse
1348 675 1687 763 obtemperandum,
1710 695 1813 762 spero
1835 697 1897 744 vos
1920 673 2007 746 boni
2026 695 2113 744 con·

93 802 228 860 tantum
252 797 410 876 respectu
431 781 551 874 patris.
609 779 839 850 Narrationes
864 777 904 848 iu
925 771 1083 848 Iohanne
1133 777 1289 847 sulturos
1312 775 1466 846 osticium
1487 799 1627 858 meum,
1652 777 1805 866 quodm
1828 776 1980 860 faciatis,
2007 777 2113 846 etiam
2159 805 2163 818 ·

94 889 292 978 significant
312 879 425 984 λόγον
445 883 692 974 dicirespectu
711 891 1084 957 creaturarumetno-
1136 871 1361 946 vehementer
1389 899 1488 964 rogo.
1546 872 1709 945 Breviter
1731 877 1825 944 enim
1854 877 1992 962 dicam,
2024 879 2113 972 qnid

95 992 177 1072 stri,
202 989 284 1080 qiua
300 989 393 1058 salius
415 986 465 1058 sic
480 984 584 1054 nobis
602 985 792 1075 patefactus
810 995 881 1063 est,
906 981 1002 1072 qarod
1022 999 1084 1069 per
1134 974 1224 1048 mibi
1252 979 1413 1048 videatur
1435 979 1479 1045 dc
1502 977 1592 1047 lacto
1616 974 1660 1050 D.
1682 969 1903 1061 Laurentii,
1933 979 1996 1072 qni
2020 1003 2114 1068 cum,

95 1118 175 1164 οιιιιι
194 1091 298 1160 Pater
321 1089 408 1163 dicit
425 1092 602 1156 decretum
629 1097 791 1156 ettotam
807 1081 970 1152 ordinem
987 1103 1084 1159 crea-
1135 1095 1174 1150 ut
1195 1081 1311 1162 scitis,
1337 1079 1474 1150 llomae
1498 1091 1670 1170 praeesset
1695 1081 1831 1148 aerario
1853 1077 2114 1166 Ecclesiastico,

95 1193 202 1264 tionis
218 1206 252 1262 et
268 1189 499 1282 reparationis
513 1183 721 1264 bantinum,
748 1197 782 1252 et
795 1183 891 1275 quod
905 1177 990 1252 haec
1005 1205 1084 1270 per·
1137 1182 1253 1255 uoluit
1270 1177 1451 1252 thesauros
1473 1194 1506 1250 et
1530 1181 1621 1250 bona
1646 1177 1822 1252 Ecclesiae
1841 1179 2049 1272 lmperatori
2074 1209 2116 1256 ea

95 1320 179 1366 sona
213 1295 386 1376 mittitur,
424 1304 464 1360 ut
494 1289 646 1380 prolerat
671 1282 905 1374 Evangelium
934 1307 975 1352 ex
1003 1283 1084 1350 siun
1135 1284 1267 1374 petenti
1286 1289 1328 1352 ad
1349 1279 1553 1374 prophanus
1567 1306 1651 1352 usm
1666 1285 1799 1354 cedere.
1838 1280 2115 1376 Acmibiprae-

94 1396 227 1468 aeterni
254 1395 381 1486 patris,
421 1403 604 1464 conservet
624 1387 865 1458 ministerium
886 1379 1085 1472 Evangelii,
1137 1387 1229 1455 clare
1245 1385 1386 1456 videtur
1402 1385 1523 1454 secisse
1539 1383 1772 1464 Laurentius,
1791 1389 1884 1478 qum
1907 1384 2129 1478 liuperatori‘

86 1513 128 1570 et
141 1501 262 1568 diceus
276 1493 555 1582 consolationem
570 1491 608 1576 in
623 1486 946 1570 cordibusnostris,
967 1499 1086 1556 ostem
1137 1487 1202 1558 ista
1220 1489 1313 1556 bona
1329 1487 1483 1576 negavit.
1537 1483 1711 1558 luiustum
1734 1487 1828 1556 enim
1852 1501 1904 1560 est
1926 1489 2118 1560 cuiuscun-

93 1603 154 1671 dat
170 1613 325 1691 patrem,
349 1597 501 1668 vivificet
515 1615 600 1677 uos,
625 1605 657 1662 et
673 1615 739 1662 nos
753 1591 824 1660 sibi
838 1587 1024 1674 assimilet,
1046 1598 1087 1656 ut
1138 1589 1272 1682 querci
1290 1589 1489 1658 dominium
1505 1591 1548 1658 ad
1564 1588 1713 1658 iniustos
1735 1589 1899 1660 dominos
1917 1592 2117 1666 transferre.

93 1703 301 1776 restituatur
328 1701 443 1787 imago
470 1695 539 1768 Dei
570 1695 608 1765 iu
634 1693 754 1766 nobis.
820 1691 917 1764 Haec
943 1685 1087 1782 proprie
1137 1690 1224 1766 Erat
1240 1706 1357 1760 antem
1376 1691 1440 1760 ista
1459 1691 1606 1780 pecunia
1622 1687 1921 1785 Ecclesiae,quae
1937 1715 2013 1762 eam
2029 1718 2117 1764 cou-

91 1806 181 1874 fiuant
213 1797 391 1894 perhanc
420 1819 626 1888 personam,
658 1818 747 1888 quae
770 1807 823 1867 est
846 1784 971 1888 λόγος,
998 1815 1087 1883 quae
1138 1807 1290 1885 gesserat
1316 1793 1360 1862 ad
1387 1793 1599 1862 necessarios
1621 1815 1705 1862 usus
1728 1817 1923 1884 pauperum
1947 1807 1982 1864 et
2007 1795 2118 1866 ruini·

81 1923 177 1978 ,tunc
206 1919 241 1972 et
262 1902 389 1993 spiritu
413 1923 477 1970 suo
496 1896 666 1968 laetitiam
687 1909 722 1968 et
734 1910 851 1968 motus
866 1896 905 1964 iu
920 1893 1088 1972 cordibus
1139 1912 1313 1979 errorum,
1333 1895 1396 1986 qui
1413 1895 1659 1985 proponebant
1671 1895 1741 1989 piis
1755 1919 1872 1964 veram
1890 1897 1934 1966 de
1946 1895 2119 1986 religione

91 2007 269 2078 accendit.
326 2000 424 2071 llaec
445 1999 608 2070 doctrina
628 2002 673 2068 de
693 1997 930 2090 appellatione
944 1998 1013 2068 τοῦ
1027 1985 1087 2064 lsi»
1139 1999 1350 2070 doctrinam.
1410 1996 1517 2066 Nulla
1545 1995 1655 2086 igitur
1677 1998 1767 2066 iusta
1794 2019 1895 2068 causa
1923 1996 2118 2090 lmperator

90 2131 165 2208 you
183 2118 387 2178 reverenter
402 2115 437 2172 et
452 2102 509 2195 pic
525 2100 710 2191 cogitanda
726 2114 797 2182 est,
819 2113 853 2172 et
866 2098 1024 2168 orandus
1038 2109 1089 2167 est
1140 2127 1216 2173 eam
1239 2099 1425 2192 pecuniam
1448 2101 1645 2192 poposcisse
1670 2100 1828 2185 videtur,
1854 2126 1934 2172 cum
1959 2101 2116 2174 alienum

91 2215 187 2303 ipse,
214 2221 257 2276 ιιι
269 2231 335 2281 nos
348 2207 484 2276 doceat.
1140 2203 1366 2296 appetiverit,
1385 2201 1426 2270 in
1449 2225 1520 2294 quo
1538 2203 1612 2290 ipse
1627 2197 1720 2270 nibil
1738 2195 1891 2274 habebat
1907 2203 2015 2288 iuris,
2040 2227 2115 2276 non

193 2307 338 2392 Deinde
359 2319 393 2378 et
409 2303 477 2378 hoc
492 2307 751 2388 consideretur,
776 2325 886 2397 quare
909 2297 967 2374 bic
983 2294 1090 2392 λόγος
1139 2303 1250 2396 magis
1266 2328 1373 2398 qnam
1391 2304 1419 2373 si
1436 2305 1568 2396 praedo
1594 2302 1632 2372 in
1647 2303 1781 2374 alienas
1802 2305 1983 2376 facultates
2005 2305 2115 2399 impe-

90 2411 333 2501 adsumpserit
354 2404 545 2480 humanam
568 2419 752 2488 naturam,
776 2429 850 2477 nou
866 2406 989 2488 Pater,
1013 2428 1088 2477 non
1140 2424 1217 2480 tum
1242 2407 1358 2476 saciat.
1416 2403 1501 2475 Fuit
1522 2417 1639 2473 autem
1663 2406 1819 2476 atrocior
1840 2407 1988 2493 iniuria,
2021 2411 2117 2503 quod

92 2515 255 2604 Spiritus
279 2523 431 2582 saractus.
492 2502 711 2580 Athanasius
724 2508 788 2577 ait:
815 2508 898 2599 quia
915 2527 1088 2593 congrue·
1139 2507 1334 2580 Ecclesiam
1348 2506 1501 2600 spoliare
1517 2505 1649 2588 voluit,
1675 2529 1766 2600 quae
1779 2510 1966 2600 praecipue
1982 2509 2117 2601 indiget

91 2618 154 2688 bat
170 2609 268 2684 hanc
285 2633 490 2704 personam,
511 2632 601 2701 quae
622 2608 763 2699 proprie
777 2622 829 2680 est
843 2596 959 2698 imago
976 2619 1089 2676 acter-
1140 2610 1358 2702 sumptibus,
1386 2607 1432 2677 ad
1447 2607 1593 2676 alendos
1610 2631 1799 2700 pauperes,
1823 2623 1858 2680 et
1872 2611 2033 2702 publicos
2048 2613 2120 2681 mi-

92 2718 132 2788 ni
150 2715 288 2798 Patris,
320 2715 505 2784 adsumere
529 2705 720 2780 humanam
742 2724 922 2792 naturam,
954 2732 1033 2780 cum
1049 2708 1089 2776 iu
1139 2714 1290 2796 nistros,
1316 2733 1470 2804 quorum
1486 2731 1571 2779 voce
1585 2731 1708 2778 verum
1732 2725 1766 2781 et
1787 2713 1938 2780 maxime
1960 2737 2118 2784 necessa-

93 2819 202 2890 nobis
226 2815 442 2888 restituenda
466 2813 511 2884 sit
532 2811 647 2902 imago
675 2811 757 2882 Dei.
815 2809 940 2901 Cogito
963 2824 997 2882 et
1021 2803 1089 2881 hoc
1137 2816 1234 2888 rium
1258 2836 1370 2903 genus
1391 2811 1572 2882 doctrinae
1592 2812 1637 2880 de
1652 2809 1720 2882 Dei
1742 2809 1830 2903 erga‘
1844 2837 1909 2882 nos
1924 2815 2118 2902 voluntate,

92 2941 312 3010 congruere,
343 2931 384 2988 ut
403 2937 442 2986 ea
465 2935 614 3007 persona
635 2915 795 2988 adsumat
814 2908 1005 2985 humanam
1023 2935 1089 2982 na·
1139 2931 1174 2990 et
1199 2915 1350 3008 gratuita
1377 2913 1636 3006 acceptatione,
1670 2916 1715 2984 ad
1737 2939 1803 2984 nos
1828 2917 2013 3006 perfertur.
2065 2917 2119 2988 Ae

92 3039 232 3098 turam.
269 3041 359 3112 quae
381 3031 434 3090 est
457 3017 686 3086 monstratrix
700 3013 775 3090 Dei.
827 3014 952 3088 Sermo
971 3028 1088 3082 atatem
1138 3020 1223 3090 lecit
1239 3018 1275 3088 id
1292 3015 1506 3108 Imperator,
1532 3015 1633 3084 cuius
1657 3017 1844 3107 praecipua
1865 3043 1948 3088 cura
1969 3021 2119 3090 essede-

90 3136 271 3196 monstrat
285 3121 418 3213 aliquid
427 3169 442 3205 ,
468 3139 551 3204 ergo
567 3131 603 3188 et
622 3141 683 3208 per
698 3117 830 3190 Filium
845 3117 1020 3208 prolatum
1038 3129 1090 3184 est
1140 3123 1245 3192 bebat
1269 3119 1445 3190 iuvandae
1476 3129 1510 3188 et
1543 3119 1726 3186 ornandae
1746 3115 1934 3192 Ecclesiae.
1996 3119 2119 3216 ltaque

89 3225 354 3315 Evangelium,
377 3235 465 3316 qu
478 3222 588 3292 verbo
602 3220 738 3291 conditi
753 3243 895 3304 sumus,
917 3220 965 3289 ita
980 3219 1087 3288 verbo
1141 3245 1284 3316 prorsus
1300 3221 1366 3292 luit
1381 3221 1419 3288 iu
1436 3243 1477 3290 eo
1494 3219 1728 3290 intolerabilis
1743 3221 1885 3301 iniuria,
1911 3223 2007 3316 qarod
2023 3224 2118 3294 bona

84 3351 222 3406 rursus
252 3323 492 3408 vivificamur,
524 3323 615 3394 sicut
642 3335 677 3396 et
703 3322 742 3390 in
765 3320 908 3401 Psalmo
939 3320 1087 3392 dicitur:
1140 3323 1319 3396 Ecclesiae
1340 3322 1552 3412 intercipere
1572 3321 1699 3395 voluit.
1750 3321 1833 3392 Non
1855 3323 1986 3394 iniuria
2010 3326 2120 3416 igitur

83 3433 193 3508 Misit
221 3428 370 3497 verbum
385 3449 510 3509 suum,
534 3424 808 3498 etsanaviteos.
859 3421 912 3494 lta
927 3423 1089 3507 adamus,
1139 3425 1185 3503 D.
1200 3425 1412 3498 Laurentius
1428 3447 1464 3494 se
1481 3425 1515 3492 ei
1532 3424 1709 3514 opposuit.
1749 3423 1841 3494 Nam
1859 3426 1897 3494 in
1921 3429 2118 3500 manifestis

86 3535 187 3610 hanc
210 3549 402 3624 personam
425 3526 713 3598 incredentibus
734 3551 807 3596 non
831 3549 905 3598 esse
924 3523 1089 3610 ociosam,
1140 3530 1301 3612 iniuriis,
1327 3526 1547 3614 magistratui
1565 3549 1638 3594 non
1656 3527 1934 3614 indulgendum,
1958 3553 2118 3622 praeser-

87 3641 151 3712 sed
171 3657 259 3708 vere
275 3630 594 3722 praesesslemellss
608 3629 1088 3702 nobiteffitfltemestevote
1139 3633 1203 3704 tim
1218 3631 1248 3702 si
1265 3630 1359 3702 salus
1373 3625 1551 3698 Ecclesiae
1562 3641 1596 3698 et
1610 3627 1722 3716 gloria
1733 3625 1800 3698 Dei
1816 3643 1948 3718 agatur.
1999 3629 2121 3722 Quare

83 3735 306 3826 Evangelii,
327 3746 363 3804 et
384 3733 574 3804 accendere
593 3732 701 3802 corda
717 3729 854 3822 Spiritu
876 3751 940 3800 suo
955 3741 1089 3811 sancto,
1140 3746 1233 3804 recte
1248 3732 1368 3802 secisse
1388 3729 1436 3800 D.
1450 3728 1683 3800 inurentium
1711 3730 1847 3814 iudico,
1874 3733 1970 3826 quod
1993 3734 2031 3802 in
2053 3729 2118 3804 bac

84 3863 127 3916 ut
162 3853 289 3912 mistus
319 3829 474 3906 babeant
504 3845 739 3922 congruentes
764 3832 834 3902 luci
857 3848 892 3906 et
914 3829 1088 3921 agnitioni
1140 3859 1178 3904 re
1193 3831 1402 3926 Imperatori
1418 3845 1471 3902 est
1483 3833 1698 3901 adversatus.
1751 3829 1860 3920 Quod
1883 3859 1964 3904 cum
1989 3836 2037 3905 ita
2060 3837 2116 3916 sit,

83 3947 169 4020 Dei.
223 3937 311 4011 Non
330 3949 479 4028 possunt
498 3951 615 4007 autem
638 3931 726 4006 baec
746 3933 816 4004 iam
833 3933 872 4002 in
888 3928 955 4002 hac
970 3931 1088 4002 brevi·
1139 3937 1241 4006 facile
1263 3934 1414 4024 intelligi
1437 3946 1570 4024 potest,
1605 3956 1677 4026 quo
1699 3933 1881 4003 inscelere
1898 3937 1970 4008 sint
1986 3937 2118 4008 nostris

81 4063 157 4122 tate
178 4040 356 4130 temporis
376 4037 552 4130 copiosius
568 4037 720 4128 erponi,
745 4037 804 4106 sed
821 4049 858 4106 et
870 4057 973 4125 saepe
988 4057 1087 4124 repe-
1139 4039 1359 4130 temporibns
1391 4036 1490 4106 avari
1520 4035 1717 4127 pontifices,
1743 4039 1924 4124 canonici,
1955 4051 1989 4108 et
2015 4039 2117 4108 simi-

82 4151 196 4226 tenda
224 4155 314 4214 sunt
338 4141 570 4230 cogitatione,
603 4138 732 4210 etalio
753 4152 911 4230 tempore
934 4135 1088 4224 longiori
1138 4141 1208 4224 les,
1232 4140 1295 4233 qui
1318 4163 1392 4208 non
1414 4138 1531 4210 solum
1555 4139 1650 4207 bona
1672 4133 1911 4208 Ecclesiamm
1934 4141 2036 4210 adse
2059 4163 2118 4212 ra-

80 4254 262 4328 oratione
283 4242 493 4314 illustranda
510 4255 604 4314 sunt.
654 4239 760 4312 Nunc
775 4254 852 4310 toto
868 4254 1007 4330 pectore
1023 4261 1087 4306 oro
1139 4242 1262 4336 pinnt,
1283 4243 1345 4312 sed
1363 4240 1468 4311 etiam
1485 4241 1531 4308 de
1552 4239 1595 4308 iis
1610 4240 1811 4331 turpissime
1825 4239 2037 4328 heluautur,
2059 4267 2119 4314 ea-

79 4359 206 4452 ipsum
224 4345 343 4418 lilium
358 4341 444 4422 Dei.
470 4341 666 4415 Dominum
682 4355 843 4412 nostrum
855 4339 969 4411 lesum
981 4333 1088 4412 Chri·
1139 4367 1208 4438 que
1237 4343 1426 4412 conterunt
1457 4365 1532 4410 nou
1560 4343 1604 4410 ad
1633 4335 1836 4432 prophanus
1860 4365 1945 4414 usus
1971 4359 2120 4435 tantum,

80 4478 202 4540 stum,
237 4445 304 4540 qui
324 4445 389 4516 ait:
422 4439 499 4536 Ego
521 4469 599 4516 sum
623 4445 724 4528 vitis,
757 4467 818 4512 vos
840 4443 1022 4536 palmites,
1048 4455 1089 4510 ut
1139 4447 1199 4515 sed
1218 4446 1323 4514 etiam
1347 4447 1390 4514 ad
1405 4443 1597 4514 delendum
1613 4458 1646 4512 et
1663 4445 1937 4535 opprimendum
1954 4443 2118 4536 Evange-

79 4586 151 4634 nos
186 4557 339 4632 doceat,
374 4559 408 4618 et
435 4569 498 4616 sua
519 4547 597 4616 luce
620 4545 725 4618 saciat
746 4569 811 4616 nos
835 4545 998 4637 palmites
1019 4543 1088 4635 ipsi
1140 4549 1242 4626 lium.
1292 4543 1340 4617 Et
1355 4545 1692 4616 crudeliterlaciuut
1707 4547 1885 4632 centauri,
1911 4551 1974 4640 qui
1990 4569 2116 4618 manus

78 4667 277 4762 placentes
294 4663 328 4718 et
344 4649 482 4720 uberes.
534 4646 640 4726 Dixi.
1141 4650 1306 4720 iniiciunt
1323 4649 1453 4720 talibus
1467 4643 1647 4718 Ecclesiae
1663 4647 1788 4732 bouis,
1810 4673 1884 4720 oon
1908 4651 1952 4718 ad
1977 4673 2014 4720 se
2036 4673 2117 4744 per-

1140 4751 1357 4836 tinentibus,
1382 4753 1478 4822 unde
1503 4773 1673 4842 parspercs
1693 4744 1892 4820 scholastici
1918 4763 1955 4822 et
1978 4751 2028 4852 pii
2053 4775 2118 4845 pa-

1140 4867 1251 4924 stores
1275 4855 1319 4924 asl
1342 4851 1645 4924 conservationem
1665 4851 1855 4924 ministerii
1870 4853 2119 4925 alidebcbant.

86 4955 162 5030 No.
177 4945 250 5024 28·
916 4943 1078 5010 ¹⁰·1554·
1140 4953 1217 5025 Hos
1240 4979 1321 5025 cum
1345 4955 1527 5048 patiantur
1546 4953 1699 5038 esurire,
1725 4969 1765 5026 ut
1787 4952 1853 5044 ipsi
1870 4978 1975 5024 strum
1994 4956 2116 5025 luxum

72 5039 267 5080 w
311 5128 320 5172 ἰ
343 5113 584 5174 numam..
628 5113 700 5170 ω
913 5031 1084 5064 w·-
1141 5057 1322 5146 cxpleant‚
1358 5056 1483 5148 procul
1511 5055 1623 5125 dnbio
1651 5053 1748 5127 Deus
1779 5055 1865 5126 olim
1894 5057 2118 5148 gravissimas

152 5135 192 5192 ¹³
211 5123 330 5194 (Μ’
586 5131 614 5186 ⁹¹
700 5135 781 5190 ’Μ’
1141 5180 1271 5251 poenas
1287 5153 1394 5229 buius
1409 5157 1610 5250 rapacitatis
1627 5159 1673 5226 ab
1687 5161 1737 5229 eis
1753 5157 1875 5246 exiget.

413 5243 639 5314 Grflllmm
666 5247 777 5316 ⁰⁶5⁰·
1098 5290 1101 5299 ·
1241 5258 1312 5330 Sed
1332 5275 1372 5330 ut
1393 5259 1532 5331 veniam
1556 5261 1599 5328 ad
1624 5259 1819 5348 gratiarum
1834 5259 2029 5330 actioo'emc
2054 5257 2117 5330 Li-

73 5369 319 5462 Pfiusqnam
347 5355 634 5451 praeceptoribus
663 5373 698 5430 ct
721 5359 910 5430 universae
936 5355 1090 5446 scholae,
1140 5363 1267 5432 beuter
1289 5355 1347 5432 lric
1372 5363 1540 5454 profiteor
1559 5383 1630 5430 una
1654 5385 1734 5430 cum
1757 5359 1845 5430 meis
1865 5361 2026 5452 collegis,
2051 5385 2118 5434 nos

72 5499 118 5556 ug
152 5493 243 5550 mos
273 5475 344 5544 est,
372 5461 502 5550 grstias
528 5479 649 5550 agam,
680 5461 795 5534 iussus
825 5485 905 5534 sum
933 5464 1090 5536 breviter
1138 5463 1334 5558 plurimum
1346 5465 1475 5535 debere
1489 5464 1778 5556 praeceptoribus
1792 5463 1942 5548 nostris,
1966 5487 2119 5556 quornm

130 5587 328 5656 Mensura.
346 5569 450 5632 Oen.
478 5566 560 5630 Vos.
576 5564 623 5630 X.
1424 5567 1470 5636 61

80 4816 1086 4858 ...--·-—-----··-—----—--
