4638 6176
60 258 134 336 609
247 327 252 341 .

63 429 110 506 Et
122 457 200 502 mea
216 432 394 526 dependet
408 441 505 504 nnnc
520 459 539 506 a
554 445 589 504 te
601 433 713 524 glorie
729 426 882 518 Christe,

112 535 220 626 Quod
238 557 320 628 pars
334 557 413 604 snm
432 534 533 626 regni
549 537 862 632 quantulacunque
878 535 946 612 tui.

64 637 186 732 Teque
202 661 329 728 precor
344 637 464 708 dubiis
478 641 588 709 addas
602 640 725 710 solatia
742 641 860 720 rebus,

110 737 158 814 Et
174 735 266 810 mihi
287 739 427 813 deserto
443 742 528 813 mite
542 743 702 812 levamen
721 743 814 812 ades.

88 1076 154 1146 Nn.
173 1073 262 1150 255.

67 1176 280 1210 Μ
394 1207 398 1218 ,

127 1275 212 1350 Apud
228 1276 353 1334 vincent.
372 1275 443 1350 pls
455 1295 496 1352 sq.

360 1419 556 1512 Desint,
584 1424 678 1496 Gen.
694 1417 755 1496 ts.

62 1555 181 1628 Gnate
194 1553 263 1628 Dei
278 1557 409 1647 effigies
424 1556 558 1628 aeterni
576 1556 655 1625 viva
675 1553 842 1646 parentis,

111 1654 267 1730 Aeterna
290 1657 447 1730 Verbum
463 1673 581 1730 mente
594 1671 780 1750 satumque
795 1657 915 1750 patris.

61 1759 215 1832 ludntus
229 1775 350 1832 nostra
367 1762 428 1856 qni
444 1785 550 1834 carne
566 1759 604 1829 in
619 1760 769 1847 virginis
785 1759 877 1842 alvo,

111 1863 321 1934 Humanum
344 1865 497 1949 accedis,
524 1863 675 1932 maxime
690 1858 849 1944 Christe,
872 1885 1001 1952 genus:

61 1965 115 2037 'l'e
129 1969 208 2052 pius
224 1965 374 2040 lsncides
387 1966 574 2058 compellat
590 1964 736 2034 nomine
750 1959 867 2049 Siloh,

112 2069 221 2160 Quod
239 2082 381 2142 tenerae
396 2092 432 2139 es
448 2069 564 2138 foetus
579 2066 728 2154 virginis
748 2066 823 2157 ipse
839 2080 968 2138 tener.'

60 2170 116 2244 Ac
132 2173 226 2241 velut
245 2171 432 2240 involvens
447 2172 581 2240 loetum
598 2171 802 2238 membrana
820 2182 1009 2254 recentem,

114 2273 208 2346 Dum
224 2275 313 2344 rude
326 2275 394 2344 snb
409 2274 532 2343 matris
550 2284 689 2364 pectore
705 2283 820 2360 turget
834 2294 935 2342 onus.

60 2373 191 2446 Mollis
205 2391 239 2446 et
249 2378 411 2448 adsnotns
425 2399 501 2444 non
515 2389 567 2446 est
579 2372 753 2442 durabilis
770 2373 877 2458 nllns,

111 2475 248 2548 Pendet
263 2493 297 2548 et
311 2503 330 2546 a
345 2475 482 2571 Cotylis
498 2477 656 2570 squalida
673 2491 745 2547 tota
762 2475 882 2544 novis:

62 2579 123 2652 Sic
138 2581 278 2648 infirma
295 2581 363 2650 fnit
378 2604 457 2650 carn
475 2595 560 2651 turre
579 2593 638 2648 tua
653 2579 805 2646 unanime
822 2572 975 2662 Christe,

114 2679 157 2752 ln
173 2707 277 2754 cresce
296 2707 359 2774 pro
375 2683 478 2751 nohis
493 2705 574 2750 cum
589 2681 739 2754 lacerata
755 2679 834 2750 suit.

60 2781 236 2856 Indueras
251 2783 381 2854 etenim
399 2784 562 2852 mirando
576 2783 716 2852 foedere
734 2805 887 2866 carerem,

111 2886 207 2958 Huic
222 2900 363 2956 nostrae
380 2886 549 2968 similem,
575 2883 811 2976 suppliciique
827 2906 934 2952 ream.

60 2988 129 3062 Sed
153 3013 298 3084 prorsus
312 2987 447 3078 fragilis
463 3011 528 3057 nos
545 2987 632 3080 ipsi,
656 3001 688 3057 et
704 2985 846 3054 sordide
864 2983 978 3074 pellis,

112 3092 277 3167 Materna
296 3085 445 3162 chorion
464 3091 542 3160 lube
558 3113 729 3180 reumque
744 3111 877 3160 sumus.

60 3195 230 3269 Attamen
242 3189 313 3264 hoc
330 3194 426 3264 vivet
440 3187 607 3272 chorion,
633 3193 777 3284 qisando
794 3187 914 3258 induis
931 3187 1015 3280 ipse,

114 3295 209 3368 Voce
224 3310 284 3368 tna
301 3319 448 3380 seinans,
473 3309 578 3388 atque
593 3315 719 3362 cruore
734 3291 868 3364 lavaris.

59 3400 120 3474 Sic
132 3413 251 3470 sutem
267 3399 369 3468 nobis
384 3397 505 3466 divina
524 3394 608 3466 haec
624 3417 771 3463 munera
789 3395 931 3472 duntur,

109 3499 201 3573 Cusn
216 3502 356 3572 discunt
370 3523 491 3568 vocem
507 3511 646 3590 pectora
663 3511 783 3568 nostra
803 3493 879 3576 Dei,

58 3605 115 3676 Ac
132 3619 251 3675 eeetsts
266 3603 345 3672 ideo
365 3603 563 3671 discentum
578 3593 719 3670 Christe
733 3597 855 3682 tueris,

114 3705 162 3780 Ut
177 3701 326 3776 chorion
343 3727 425 3774 vere
448 3703 494 3772 sit
510 3697 638 3774 Schola
654 3714 744 3769 casta
762 3713 873 3768 tuum

56 3805 112 3880 At
126 3824 184 3880 tna
200 3821 275 3878 tntu
294 3831 418 3898 precor
432 3819 591 3876 servetur
606 3804 711 3872 inscia
727 3797 841 3883 Siloh,

105 3901 164 3982 'Ne
180 3925 285 4006 quent
302 3905 393 3978 hanc
409 3909 503 3978 nllus
518 3907 711 3976 dilacerare
726 3904 837 3977 furor.

52 4141 255 4158 mnu-0
262 4129 1053 4152 mm—

785 252 1113 336 CARMINUM
1163 249 1270 328 ΗΒ.
1298 249 1376 332 111.

2019 271 2099 346 oto

1110 421 1224 517 Inque
1237 449 1319 496 suos
1336 440 1434 498 artus
1449 441 1488 500 ut
1501 429 1640 524 singula
1660 437 1819 510 membra
1834 438 2009 530 locentur,

1159 526 1232 597 Nec
1251 529 1320 600 sint
1339 528 1376 600 in
1392 531 1495 602 dictis
1510 534 1626 627 turpia
1644 552 1799 610 monstra
1816 543 1899 620 tuis.

1108 623 1164 702 Ac
1179 630 1276 702 velut
1297 632 1431 703 utilitas
1446 656 1677 710 numerorum
1694 643 1853 714 cernitur
1868 670 1948 729 usn,

1162 731 1279 821 Quam
1295 733 1372 803 lans
1387 735 1486 806 nulla
1503 740 1586 809 setis
1603 765 1879 818 commemorare
1894 765 2019 848 potest,

1108 831 1169 906 Sic
1183 857 1268 905 usus
1284 851 1476 921 monstrat,
1502 857 1675 933 qnantum
1692 845 1872 920 dialectica
1890 855 2014 944 prosit,
2031 862 2036 878 ’

1158 935 1293 1008 Divino
1308 933 1376 1010 hoc
1392 953 1494 1012 tanto
1508 968 1655 1016 munere
1671 947 1767 1018 disce
1782 951 1863 1022 frui.

1110 1163 1785 1186 -ι--η--Ι-,Ἢ--ς--νσ-Ι-ο-
1794 1177 1812 1190 -
1821 1178 1838 1188 ΙΙ

1130 1309 1201 1388 Νο.
1214 1313 1306 1388 257.

1112 1407 1327 1448 Q

1919 1377 1927 1404 .
1941 1357 1991 1400 sn.
2005 1339 2100 1407 sset.

1965 1427 2087 1460 m

1175 1527 1283 1602 seq-ipss
1296 1527 1370 1600 publ.
1385 1499 1510 1620 Wittch.
1523 1530 1584 1608 iqp.
1597 1531 1685 1590 485⁵.
1697 1544 1724 1591 et
1736 1538 1808 1612 spnd
1824 1540 1952 1602 Vinceul.
1968 1565 1995 1620 p.
2003 1549 2034 1608 ot
2046 1571 2088 1624 sq.

1106 1687 1302 1814 Phiiippus
1318 1687 1539 1762 Melanthus
1554 1690 1602 1763 de
1619 1696 1920 1777 omniderotione
1937 1703 2106 1788 lumeni

1261 1835 1272 1848 -
1327 1829 1332 1835 ν
1503 1802 1679 1888 corporis.

1105 1941 1187 2014 Non
1210 1966 1292 2014 casn
1307 1941 1472 2010 volucres
1488 1944 1616 2029 atomi,
1642 1946 1720 2018 sinc
1732 1965 1850 2024 mente
1867 1974 2023 2047 ruentes,

1159 2043 1262 2114 Hanc
1280 2043 1406 2112 mundi
1423 2044 1571 2114 lemnam
1591 2071 1808 2139 progenuere
1824 2081 1966 2136 novam.

1106 2145 1306 2218 Formatris
1324 2147 1384 2214 sed
1400 2167 1500 2215 mens
1515 2149 1655 2238 sapiens
1667 2176 1707 2222 ec
1722 2156 1856 2244 optima
1871 2165 1996 2234 mundi
2012 2181 2074 2253 est,

1157 2245 1318 2322 Consilio
1334 2271 1479 2318 servans
1494 2251 1635 2322 condita
1649 2268 1774 2326 cuncta
1790 2281 1866 2336 suo.

1107 2349 1209 2442 Quae
1224 2351 1316 2420 clure
1331 2349 1508 2440 impressit
1521 2355 1651 2442 passim
1668 2357 1812 2450 vestigia
1828 2365 1946 2454 rebus,

1157 2451 1334 2524 Conditor
1347 2453 1489 2542 agnosci
1503 2456 1616 2544 possit
1627 2470 1668 2528 nt
1681 2459 1764 2530 inde
1779 2458 1887 2536 Deus.

1106 2555 1218 2628 Nosse
1231 2555 1305 2622 vias
1320 2577 1550 2623 numerorum
1568 2581 1608 2624 sc
1625 2559 1782 2648 ordinis,
1807 2581 1914 2661 atque
1929 2585 2049 2646 tenere

1159 2655 1349 2726 immotum
1368 2655 1455 2726 recti
1471 2657 1644 2727 indicium
1659 2675 1766 2752 atque
1781 2670 1877 2744 mali.

1105 2756 1187 2830 Non
1206 2753 1292 2827 haec
1306 2779 1347 2825 ex
1364 2757 1474 2826 caecis
1486 2759 1615 2830 atomis
1630 2765 1802 2853 snpientia
1820 2771 1929 2859 venit,

1160 2860 1292 2930 Verum
1308 2873 1360 2930 est
1375 2872 1520 2930 naturae
1535 2865 1783 2954 prospicientis
1794 2895 1896 2964 opus.

1106 2962 1165 3038 Sic
1182 2963 1286 3034 etiam
1306 2961 1440 3050 positus
1455 2963 1544 3032 coeli
1562 2977 1745 3062 terraeque
1761 2997 1943 3064 perennes,

1156 3063 1335 3158 Quodque
1352 3057 1499 3138 trahunt
1514 3080 1627 3136 certae
1642 3068 1758 3142 sidera
1776 3093 1900 3148 cuncta
1918 3082 2019 3166 vices,

1106 3166 1300 3238 Testentur
1316 3191 1397 3234 vere
1414 3191 1547 3236 numen
1563 3169 1773 3268 sapiensque
1790 3178 1995 3276 bonumque

1112 3331 1121 3348 ,
1156 3265 1261 3354 Esse,
1287 3269 1383 3362 quod
1400 3261 1462 3338 has
1483 3267 1574 3358 leges
1588 3276 1869 3373 condiditatque
1884 3285 1983 3374 regit.

1106 3370 1165 3445 Sic
1182 3395 1256 3440 non
1271 3363 1429 3440 hnmano
1444 3386 1604 3442 concreta
1622 3375 1661 3444 in
1676 3402 1823 3472 corpore
1834 3389 1992 3460 membra

1157 3472 1292 3566 Sponte
1306 3495 1388 3554 sna,
1414 3485 1541 3544 etcasn
1557 3489 1637 3546 nata
1653 3479 1730 3551 sine
1743 3497 1818 3554 arte
1832 3501 1944 3576 putes.

1105 3573 1252 3665 Singula
1269 3574 1431 3645 consulto
1446 3592 1560 3646 certos
1575 3577 1737 3654 distinxit
1751 3587 1794 3656 ad
1811 3611 1906 3669 usus,

1156 3675 1246 3749 Cum
1264 3677 1435 3768 ternplum
1452 3679 1556 3747 vellet
1574 3704 1639 3750 nos
1652 3678 1750 3756 Dens
1770 3711 1842 3756 esse
1858 3691 1940 3765 sibi.

1105 3779 1236 3853 Divina
1255 3779 1291 3848 in
1308 3781 1452 3848 cerebro
1469 3781 1587 3850 radios
1601 3785 1772 3872 sapientis
1790 3793 1933 3885 spargit,

1155 3879 1247 3954 Cum
1261 3883 1370 3952 verbo
1386 3896 1520 3952 mentes
1534 3883 1613 3954 luce
1626 3909 1760 3982 sitaque
1773 3893 1873 3982 regit.

1071 4031 1074 4040 .
1105 3979 1153 4056 At
1170 4009 1230 4054 cor
1247 3983 1401 4054 institiae
1417 3986 1544 4055 domus
1558 3999 1626 4070 est,
1646 3993 1822 4088 sentitque
1839 3995 1991 4086 dolores,

1156 4085 1247 4158 Cnm
1266 4086 1369 4178 punit
1385 4100 1503 4156 sontes
1519 4085 1670 4158 vindicis
1687 4091 1738 4164 ire
1754 4093 1835 4167 Dei.

995 4254 1001 4278 ,
1104 4185 1320 4283 Adllatnqne
1335 4185 1399 4258 Dei
1413 4203 1618 4282 purgatum,
1642 4197 1768 4281 gaudia
1786 4200 1893 4272 sentit

882 4303 933 4346 sn.
947 4279 1039 4344 1562.

872 4367 1045 4398 w

51 4283 240 4412 Q

133 4503 231 4556 Versus
265 4515 335 4582 qous
352 4491 420 4551 Met.
438 4491 548 4576 scripsit
567 4487 751 4574 inegressplar
767 4483 920 4542 disiectices
939 4481 1053 4566 Antonii

163 4538 286 4623 Geneien
307 4565 424 4619 Noriher
442 4581 515 4616 ensis
539 4571 647 4627 pstrscu
671 4557 699 4612 d.
717 4557 743 4610 6.
766 4555 847 4610 Mart.
869 4553 962 4622 15⁵2,
987 4553 1052 4608 edin

160 4639 282 4708 primum
297 4655 312 4688 s
325 4583 463 4687 strotella
475 4631 517 4684 int
534 4631 668 4713 Ιθὶαᾶπὶᾱπ
679 4641 726 4684 petr
742 4627 809 4705 illel.
825 4625 914 4706 iftttttt
930 4619 1052 4692 luftulb.

112 4759 116 4768 .
164 4705 434 4843 qt‘qligqnttggqqtlttqut
447 4717 486 4830 ‘qq
500 4701 603 4841 Sqtltluzqi
622 4719 648 4770 p.
662 4701 696 4750 *0
708 4715 748 4766 sq.
772 4713 799 4748 sn
823 4695 908 4751 erusd.
926 4693 1054 4764 mutilus

61 4939 105 5012 ln
124 4954 195 5011 tota
211 4935 282 5005 vita
299 4951 467 5004 numeros
485 4942 526 4998 nt
539 4927 628 4997 scire
644 4945 783 4994 necesse
798 4935 864 5003 est,
928 4981 932 4994 .

114 5041 226 5136 ldque
245 5039 338 5110 Deus
351 5035 472 5104 lnmeu
490 5029 669 5100 mentibus
684 5027 759 5118 ipse
775 5023 891 5108 dedit,

58 5143 120 5216 Sic
139 5153 323 5235 praecepta
340 5133 504 5207 houdnes
519 5130 700 5200 dialectica
720 5149 822 5196 nosse
837 5145 974 5194 necesse
993 5133 1053 5194 est.

112 5247 210 5318 Haec
224 5243 320 5312 enim
335 5267 353 5310 o
367 5259 507 5308 summo
522 5235 582 5302 lux
600 5234 698 5300 venit
710 5243 787 5298 orta
804 5227 891 5312 Deo,

58 5343 205 5420 Ordine
218 5347 380 5416 diversus
398 5361 455 5410 ret
469 5351 508 5408 ut
522 5335 739 5424 distinguere
755 5331 878 5422 possis,

113 5451 166 5522 Ne
183 5449 281 5518 velut
293 5447 482 5515 obscurum
501 5440 546 5509 sit
563 5437 631 5508 tibi
647 5459 762 5506 sermo
777 5428 895 5519 chaos,

61 5557 243 5624 Mesenen.
260 5555 366 5618 Orrn.
382 5550 463 5612 Vos..
479 5544 527 5614 X.

1156 4287 1205 4362 Et
1220 4291 1291 4360 vita
1306 4291 1439 4360 irnitnr
1451 4315 1524 4360 non
1541 4307 1709 4382 pereunte
1723 4295 1804 4370 Dei.

1104 4391 1312 4464 Fonnatnm
1329 4395 1372 4462 ad
1391 4407 1508 4464 tentos
1526 4418 1653 4484 corpus
1668 4419 1747 4466 cum
1763 4401 1896 4472 videris
1912 4423 2007 4491 usus,

1156 4497 1342 4566 Factorem
1361 4517 1527 4584 agnoscas
1541 4510 1574 4566 et
1588 4520 1755 4570 venerere
1770 4499 1897 4578 Deum.

1106 4595 1222 4692 ipsius
1235 4613 1269 4668 et
1282 4597 1453 4688 ternplum
1471 4620 1543 4664 non
1560 4597 1656 4666 labes
1672 4601 1745 4672 ulla
1764 4601 1973 4697 prophanet,

1156 4697 1338 4771 Pollutnm
1356 4697 1497 4770 abiiciet
1516 4723 1560 4766 ne
1574 4701 1692 4788 gravis
1708 4703 1758 4774 ira
1777 4707 1853 4778 Dei.

1387 4815 1622 4906 Noribergae,
1645 4815 1714 4888 Die
1736 4823 1978 4895 conversionis
1992 4825 2096 4900 Pauli

1630 4942 1725 4990 anno
1746 4923 1857 4998 1⁶52.

1176 5085 1263 5143 Mene
1276 5075 1399 5162 Philippi
1417 5075 1541 5149 inscripti
1554 5084 1618 5130 sunt
1632 5071 1663 5128 lti
1676 5095 1768 5132 versus
1782 5079 1868 5136 libros
1893 5081 1981 5143 Andr.
1998 5083 2099 5144 Vrsslii

1211 5150 1395 5208 Bruxeliensis
1408 5145 1524 5202 Scholse
1538 5143 1708 5200 medicorum
1718 5147 1865 5206 Patavinse
1873 5151 2048 5230 professoris,
2065 5157 2099 5212 de

1209 5217 1326 5276 humsni
1347 5217 1473 5288 corporis
1492 5213 1606 5272 labrire.
1648 5214 1731 5270 Besil.
1755 5217 1832 5274 ests.
1849 5219 1899 5278 tot.
1916 5223 1964 5296 qni
1984 5223 2038 5278 ism
2060 5236 2100 5281 sar

1212 5289 1296 5347 Dom.
1307 5285 1469 5357 Treuirum,
1488 5281 1611 5339 Prolcss.
1626 5283 1766 5345 Vrstislss,
