<?xml version="1.0" encoding="UTF-8"?>
<!DOCTYPE html PUBLIC "-//W3C//DTD XHTML 1.0 Transitional//EN"
    "http://www.w3.org/TR/xhtml1/DTD/xhtml1-transitional.dtd">
<html xmlns="http://www.w3.org/1999/xhtml" xml:lang="en" lang="en">
 <head>
  <title>
</title>
<meta http-equiv="Content-Type" content="text/html;charset=utf-8" />
  <meta name='ocr-system' content='tesseract 3.04.00' />
  <meta name='ocr-capabilities' content='ocr_page ocr_carea ocr_par ocr_line ocrx_word'/>
</head>
<body>
  <div class='ocr_page' id='page_1' title='image "./philippimelanth10bindgoog_0484.png"; bbox 0 0 4686 6172; ppageno 0'>
   <div class='ocr_carea' id='block_1_1' title="bbox 209 189 2329 316">
    <p class='ocr_par' dir='ltr' id='par_1_1' title="bbox 209 189 2329 316">
     <span class='ocr_line' id='line_1_1' title="bbox 209 189 2329 316; baseline -0.007 -29"><span class='ocrx_word' id='word_1_1' title='bbox 209 211 283 288; x_wconf 87' lang='grc'><strong>911</strong></span> <span class='ocrx_word' id='word_1_2' title='bbox 548 197 550 201; x_wconf 71' lang='grc'><strong>’</strong></span> <span class='ocrx_word' id='word_1_3' title='bbox 698 189 1774 290; x_wconf 72' lang='grc'>1110111111111111111111011110111.</span> <span class='ocrx_word' id='word_1_4' title='bbox 2143 202 2251 290; x_wconf 74' lang='lat' dir='ltr'><strong>pte</strong></span> <span class='ocrx_word' id='word_1_5' title='bbox 2328 293 2329 316; x_wconf 21' lang='grc' dir='ltr'><strong><em>Ν</em></strong></span> 
     </span>
    </p>
   </div>
   <div class='ocr_carea' id='block_1_2' title="bbox 210 363 2329 5462">
    <p class='ocr_par' dir='ltr' id='par_1_2' title="bbox 210 363 2329 5462">
     <span class='ocr_line' id='line_1_2' title="bbox 213 363 2251 482; baseline -0.011 -25"><span class='ocrx_word' id='word_1_6' title='bbox 213 372 660 482; x_wconf 66' lang='lat' dir='ltr'><strong>qulahattcttecessllttletn</strong></span> <span class='ocrx_word' id='word_1_7' title='bbox 680 370 776 463; x_wconf 77' lang='lat' dir='ltr'><strong>leges</strong></span> <span class='ocrx_word' id='word_1_8' title='bbox 793 363 933 443; x_wconf 83' lang='lat' dir='ltr'><strong>scholae</strong></span> <span class='ocrx_word' id='word_1_9' title='bbox 956 386 1097 450; x_wconf 82' lang='lat' dir='ltr'><strong>nostrae</strong></span> <span class='ocrx_word' id='word_1_10' title='bbox 1114 366 1203 444; x_wconf 83' lang='lat' dir='ltr'><strong>mihi</strong></span> <span class='ocrx_word' id='word_1_11' title='bbox 1255 390 1402 472; x_wconf 78' lang='lat' dir='ltr'><strong>posset„</strong></span> <span class='ocrx_word' id='word_1_12' title='bbox 1436 375 1560 472; x_wconf 72' lang='lat' dir='ltr'><strong>ltaque</strong></span> <span class='ocrx_word' id='word_1_13' title='bbox 1584 376 1738 457; x_wconf 77' lang='lat' dir='ltr'><strong>demittit</strong></span> <span class='ocrx_word' id='word_1_14' title='bbox 1758 400 1839 448; x_wconf 79' lang='lat' dir='ltr'><strong>eum</strong></span> <span class='ocrx_word' id='word_1_15' title='bbox 1857 375 1897 449; x_wconf 71' lang='lat' dir='ltr'><strong>in</strong></span> <span class='ocrx_word' id='word_1_16' title='bbox 1919 388 2122 450; x_wconf 62' lang='lat' dir='ltr'><strong>nemum</strong></span> <span class='ocrx_word' id='word_1_17' title='bbox 2141 399 2251 468; x_wconf 77' lang='lat' dir='ltr'><strong>quer-</strong></span> 
     </span>
     <span class='ocr_line' id='line_1_3' title="bbox 214 473 2253 580; baseline -0.005 -21"><span class='ocrx_word' id='word_1_18' title='bbox 214 489 425 580; x_wconf 87' lang='lat' dir='ltr'><strong>imponunt,</strong></span> <span class='ocrx_word' id='word_1_19' title='bbox 457 475 568 548; x_wconf 89' lang='lat' dir='ltr'><strong>malui</strong></span> <span class='ocrx_word' id='word_1_20' title='bbox 596 473 786 545; x_wconf 87' lang='lat' dir='ltr'><strong>desiderari</strong></span> <span class='ocrx_word' id='word_1_21' title='bbox 811 474 849 542; x_wconf 93' lang='lat' dir='ltr'><strong>in</strong></span> <span class='ocrx_word' id='word_1_22' title='bbox 871 500 928 545; x_wconf 90' lang='lat' dir='ltr'><strong>me</strong></span> <span class='ocrx_word' id='word_1_23' title='bbox 955 475 1207 560; x_wconf 90' lang='lat' dir='ltr'><strong>cruditionem,</strong></span> <span class='ocrx_word' id='word_1_24' title='bbox 1256 505 1356 568; x_wconf 74' lang='lat' dir='ltr'><strong>carm,</strong></span> <span class='ocrx_word' id='word_1_25' title='bbox 1392 493 1427 552; x_wconf 89' lang='lat' dir='ltr'><strong>et</strong></span> <span class='ocrx_word' id='word_1_26' title='bbox 1453 481 1552 552; x_wconf 87' lang='lat' dir='ltr'><strong>iubet</strong></span> <span class='ocrx_word' id='word_1_27' title='bbox 1578 505 1659 552; x_wconf 90' lang='lat' dir='ltr'><strong>eum</strong></span> <span class='ocrx_word' id='word_1_28' title='bbox 1686 480 1737 552; x_wconf 90' lang='lat' dir='ltr'><strong>ibi</strong></span> <span class='ocrx_word' id='word_1_29' title='bbox 1764 479 1916 562; x_wconf 82' lang='lat' dir='ltr'><strong>esurire,</strong></span> <span class='ocrx_word' id='word_1_30' title='bbox 1951 492 2057 574; x_wconf 89' lang='lat' dir='ltr'><strong>atque</strong></span> <span class='ocrx_word' id='word_1_31' title='bbox 2083 501 2103 550; x_wconf 87' lang='lat' dir='ltr'><strong>a</strong></span> <span class='ocrx_word' id='word_1_32' title='bbox 2131 475 2253 548; x_wconf 87' lang='lat' dir='ltr'><strong>Musis</strong></span> 
     </span>
     <span class='ocr_line' id='line_1_4' title="bbox 214 574 2253 686; baseline -0.007 -24"><span class='ocrx_word' id='word_1_33' title='bbox 214 613 320 686; x_wconf 80' lang='lat' dir='ltr'><strong>quam</strong></span> <span class='ocrx_word' id='word_1_34' title='bbox 363 581 519 664; x_wconf 88' lang='lat' dir='ltr'><strong>studium</strong></span> <span class='ocrx_word' id='word_1_35' title='bbox 560 574 826 670; x_wconf 78' lang='lat' dir='ltr'><strong>obtemperandi</strong></span> <span class='ocrx_word' id='word_1_36' title='bbox 870 578 1022 670; x_wconf 86' lang='lat' dir='ltr'><strong>puhlicis</strong></span> <span class='ocrx_word' id='word_1_37' title='bbox 1059 577 1207 673; x_wconf 84' lang='lat' dir='ltr'><strong>legibus.</strong></span> <span class='ocrx_word' id='word_1_38' title='bbox 1256 581 1388 652; x_wconf 86' lang='lat' dir='ltr'><strong>victum</strong></span> <span class='ocrx_word' id='word_1_39' title='bbox 1411 597 1546 676; x_wconf 86' lang='lat' dir='ltr'><strong>petere,</strong></span> <span class='ocrx_word' id='word_1_40' title='bbox 1571 605 1709 673; x_wconf 79' lang='lat' dir='ltr'>gregem</span> <span class='ocrx_word' id='word_1_41' title='bbox 1728 583 1916 653; x_wconf 90' lang='lat' dir='ltr'><strong>committit</strong></span> <span class='ocrx_word' id='word_1_42' title='bbox 1934 581 2014 652; x_wconf 89' lang='lat' dir='ltr'><strong>aliis</strong></span> <span class='ocrx_word' id='word_1_43' title='bbox 2030 577 2163 665; x_wconf 81' lang='lat' dir='ltr'><strong>servis,</strong></span> <span class='ocrx_word' id='word_1_44' title='bbox 2188 577 2253 674; x_wconf 94' lang='lat' dir='ltr'><strong>qui</strong></span> 
     </span>
     <span class='ocr_line' id='line_1_5' title="bbox 216 673 2252 784; baseline -0.006 -21"><span class='ocrx_word' id='word_1_45' title='bbox 216 693 339 784; x_wconf 77' lang='lat' dir='ltr'><strong>Quare</strong></span> <span class='ocrx_word' id='word_1_46' title='bbox 358 699 440 780; x_wconf 85' lang='lat' dir='ltr'><strong>peto</strong></span> <span class='ocrx_word' id='word_1_47' title='bbox 457 705 476 751; x_wconf 91' lang='lat' dir='ltr'><strong>a</strong></span> <span class='ocrx_word' id='word_1_48' title='bbox 490 679 611 768; x_wconf 85' lang='lat' dir='ltr'><strong>vobis,</strong></span> <span class='ocrx_word' id='word_1_49' title='bbox 632 691 672 750; x_wconf 93' lang='lat' dir='ltr'><strong>ut</strong></span> <span class='ocrx_word' id='word_1_50' title='bbox 691 703 756 772; x_wconf 90' lang='lat' dir='ltr'><strong>pro</strong></span> <span class='ocrx_word' id='word_1_51' title='bbox 772 693 886 749; x_wconf 86' lang='lat' dir='ltr'><strong>vestra</strong></span> <span class='ocrx_word' id='word_1_52' title='bbox 912 674 1132 751; x_wconf 74' lang='lat' dir='ltr'><strong>humanitate</strong></span> <span class='ocrx_word' id='word_1_53' title='bbox 1146 703 1208 751; x_wconf 81' lang='lat' dir='ltr'><strong>re·</strong></span> <span class='ocrx_word' id='word_1_54' title='bbox 1256 685 1402 756; x_wconf 92' lang='lat' dir='ltr'><strong>domino</strong></span> <span class='ocrx_word' id='word_1_55' title='bbox 1418 685 1678 780; x_wconf 69' lang='lat' dir='ltr'>applauserunt,</span> <span class='ocrx_word' id='word_1_56' title='bbox 1703 673 1874 756; x_wconf 88' lang='lat' dir='ltr'><strong>saevienti</strong></span> <span class='ocrx_word' id='word_1_57' title='bbox 1888 683 1926 754; x_wconf 90' lang='lat' dir='ltr'><strong>iu</strong></span> <span class='ocrx_word' id='word_1_58' title='bbox 1941 684 2044 754; x_wconf 92' lang='lat' dir='ltr'><strong>illum</strong></span> <span class='ocrx_word' id='word_1_59' title='bbox 2059 680 2252 756; x_wconf 80' lang='lat' dir='ltr'>Musarum</span> 
     </span>
     <span class='ocr_line' id='line_1_6' title="bbox 210 781 2251 881; baseline -0.007 -15"><span class='ocrx_word' id='word_1_60' title='bbox 210 796 314 866; x_wconf 77' lang='lat' dir='ltr'><strong>‘niam</strong></span> <span class='ocrx_word' id='word_1_61' title='bbox 332 785 423 861; x_wconf 90' lang='lat' dir='ltr'><strong>mihi</strong></span> <span class='ocrx_word' id='word_1_62' title='bbox 439 783 548 866; x_wconf 88' lang='lat' dir='ltr'><strong>detis,</strong></span> <span class='ocrx_word' id='word_1_63' title='bbox 574 783 604 852; x_wconf 91' lang='lat' dir='ltr'><strong>si</strong></span> <span class='ocrx_word' id='word_1_64' title='bbox 623 795 757 852; x_wconf 88' lang='lat' dir='ltr'><strong>vestrae</strong></span> <span class='ocrx_word' id='word_1_65' title='bbox 772 781 1003 874; x_wconf 85' lang='lat' dir='ltr'><strong>expectationi</strong></span> <span class='ocrx_word' id='word_1_66' title='bbox 1020 807 1093 853; x_wconf 93' lang='lat' dir='ltr'><strong>non</strong></span> <span class='ocrx_word' id='word_1_67' title='bbox 1106 781 1209 854; x_wconf 87' lang='lat' dir='ltr'><strong>satis-</strong></span> <span class='ocrx_word' id='word_1_68' title='bbox 1257 785 1441 857; x_wconf 84' lang='lat' dir='ltr'><strong>cultorem.</strong></span> <span class='ocrx_word' id='word_1_69' title='bbox 1492 784 1713 881; x_wconf 84' lang='lat' dir='ltr'><strong>Aliquandiu</strong></span> <span class='ocrx_word' id='word_1_70' title='bbox 1748 781 1946 878; x_wconf 80' lang='lat' dir='ltr'><strong>triumphat</strong></span> <span class='ocrx_word' id='word_1_71' title='bbox 1977 783 2097 856; x_wconf 82' lang='lat' dir='ltr'><strong>Herus</strong></span> <span class='ocrx_word' id='word_1_72' title='bbox 2129 783 2251 854; x_wconf 85' lang='lat' dir='ltr'><strong>ocioso</strong></span> 
     </span>
     <span class='ocr_line' id='line_1_7' title="bbox 214 884 2229 982; baseline -0.005 -14"><span class='ocrx_word' id='word_1_73' title='bbox 214 897 339 968; x_wconf 77' lang='lat' dir='ltr'><strong>fecerit</strong></span> <span class='ocrx_word' id='word_1_74' title='bbox 362 915 438 962; x_wconf 92' lang='lat' dir='ltr'><strong>mea</strong></span> <span class='ocrx_word' id='word_1_75' title='bbox 461 886 594 969; x_wconf 90' lang='lat' dir='ltr'><strong>oratio,</strong></span> <span class='ocrx_word' id='word_1_76' title='bbox 619 900 654 956; x_wconf 90' lang='lat' dir='ltr'><strong>ct</strong></span> <span class='ocrx_word' id='word_1_77' title='bbox 677 884 770 954; x_wconf 90' lang='lat' dir='ltr'><strong>dabo</strong></span> <span class='ocrx_word' id='word_1_78' title='bbox 788 907 953 978; x_wconf 89' lang='lat' dir='ltr'><strong>operam,</strong></span> <span class='ocrx_word' id='word_1_79' title='bbox 972 894 1021 956; x_wconf 86' lang='lat' dir='ltr'><strong>trt</strong></span> <span class='ocrx_word' id='word_1_80' title='bbox 1037 885 1210 956; x_wconf 89' lang='lat' dir='ltr'><strong>brevitate</strong></span> <span class='ocrx_word' id='word_1_81' title='bbox 1258 889 1396 976; x_wconf 91' lang='lat' dir='ltr'><strong>animo,</strong></span> <span class='ocrx_word' id='word_1_82' title='bbox 1422 913 1502 959; x_wconf 90' lang='lat' dir='ltr'><strong>cum</strong></span> <span class='ocrx_word' id='word_1_83' title='bbox 1519 913 1671 982; x_wconf 90' lang='lat' dir='ltr'><strong>poenae,</strong></span> <span class='ocrx_word' id='word_1_84' title='bbox 1696 901 1737 958; x_wconf 90' lang='lat' dir='ltr'><strong>ut</strong></span> <span class='ocrx_word' id='word_1_85' title='bbox 1751 887 1825 958; x_wconf 83' lang='lat' dir='ltr'><strong>lieri</strong></span> <span class='ocrx_word' id='word_1_86' title='bbox 1842 888 1954 975; x_wconf 88' lang='lat' dir='ltr'><strong>solet,</strong></span> <span class='ocrx_word' id='word_1_87' title='bbox 1979 887 2229 958; x_wconf 81' lang='lat' dir='ltr'><strong>differrentur.</strong></span> 
     </span>
     <span class='ocr_line' id='line_1_8' title="bbox 217 985 2253 1084; baseline -0.01 -7"><span class='ocrx_word' id='word_1_88' title='bbox 217 995 407 1076; x_wconf 66' lang='lat' dir='ltr'><strong>orationis,</strong></span> <span class='ocrx_word' id='word_1_89' title='bbox 433 989 589 1061; x_wconf 84' lang='lat' dir='ltr'><strong>taedium</strong></span> <span class='ocrx_word' id='word_1_90' title='bbox 605 987 720 1060; x_wconf 64' lang='lat' dir='ltr'><strong>lettre</strong></span> <span class='ocrx_word' id='word_1_91' title='bbox 735 985 864 1056; x_wconf 61' lang='lat' dir='ltr'><strong>Videat·</strong></span> <span class='ocrx_word' id='word_1_92' title='bbox 1360 991 1485 1063; x_wconf 84' lang='lat' dir='ltr'><strong>Postea</strong></span> <span class='ocrx_word' id='word_1_93' title='bbox 1509 1004 1629 1062; x_wconf 90' lang='lat' dir='ltr'><strong>exacto</strong></span> <span class='ocrx_word' id='word_1_94' title='bbox 1652 1014 1766 1076; x_wconf 88' lang='lat' dir='ltr'><strong>auno,</strong></span> <span class='ocrx_word' id='word_1_95' title='bbox 1790 1013 1929 1082; x_wconf 90' lang='lat' dir='ltr'><strong>gregem</strong></span> <span class='ocrx_word' id='word_1_96' title='bbox 1948 987 2150 1084; x_wconf 80' lang='lat' dir='ltr'><strong>pestilentia</strong></span> <span class='ocrx_word' id='word_1_97' title='bbox 2167 987 2253 1058; x_wconf 90' lang='lat' dir='ltr'><strong>uni-</strong></span> 
     </span>
     <span class='ocr_line' id='line_1_9' title="bbox 321 1083 2254 1188; baseline -0.002 -26"><span class='ocrx_word' id='word_1_98' title='bbox 321 1097 416 1188; x_wconf 88' lang='lat' dir='ltr'><strong>Quia</strong></span> <span class='ocrx_word' id='word_1_99' title='bbox 431 1115 515 1161; x_wconf 86' lang='lat' dir='ltr'><strong>vero</strong></span> <span class='ocrx_word' id='word_1_100' title='bbox 533 1113 572 1159; x_wconf 94' lang='lat' dir='ltr'><strong>ex</strong></span> <span class='ocrx_word' id='word_1_101' title='bbox 591 1083 659 1158; x_wconf 90' lang='lat' dir='ltr'><strong>hoc</strong></span> <span class='ocrx_word' id='word_1_102' title='bbox 675 1089 753 1157; x_wconf 91' lang='lat' dir='ltr'><strong>loco</strong></span> <span class='ocrx_word' id='word_1_103' title='bbox 769 1111 870 1180; x_wconf 85' lang='lat' dir='ltr'><strong>saepe</strong></span> <span class='ocrx_word' id='word_1_104' title='bbox 885 1103 985 1160; x_wconf 91' lang='lat' dir='ltr'><strong>antea</strong></span> <span class='ocrx_word' id='word_1_105' title='bbox 1002 1083 1211 1161; x_wconf 88' lang='lat' dir='ltr'><strong>honestissi-</strong></span> <span class='ocrx_word' id='word_1_106' title='bbox 1260 1117 1399 1164; x_wconf 88' lang='lat' dir='ltr'><strong>versum</strong></span> <span class='ocrx_word' id='word_1_107' title='bbox 1417 1092 1582 1186; x_wconf 88' lang='lat' dir='ltr'><strong>perdidit.</strong></span> <span class='ocrx_word' id='word_1_108' title='bbox 1638 1087 1734 1161; x_wconf 89' lang='lat' dir='ltr'><strong>Haec</strong></span> <span class='ocrx_word' id='word_1_109' title='bbox 1749 1093 1927 1164; x_wconf 87' lang='lat' dir='ltr'><strong>calamitas</strong></span> <span class='ocrx_word' id='word_1_110' title='bbox 1948 1095 2117 1162; x_wconf 91' lang='lat' dir='ltr'><strong>admonet</strong></span> <span class='ocrx_word' id='word_1_111' title='bbox 2133 1085 2254 1160; x_wconf 75' lang='lat' dir='ltr'><strong>homi-</strong></span> 
     </span>
     <span class='ocr_line' id='line_1_10' title="bbox 217 1185 2252 1290; baseline -0.009 -11"><span class='ocrx_word' id='word_1_112' title='bbox 217 1199 468 1290; x_wconf 83' lang='lat' dir='ltr'><strong>mislaudibus</strong></span> <span class='ocrx_word' id='word_1_113' title='bbox 485 1205 607 1262; x_wconf 87' lang='lat' dir='ltr'><strong>ornata</strong></span> <span class='ocrx_word' id='word_1_114' title='bbox 623 1206 674 1262; x_wconf 88' lang='lat' dir='ltr'><strong>est</strong></span> <span class='ocrx_word' id='word_1_115' title='bbox 689 1185 933 1282; x_wconf 82' lang='lat' dir='ltr'><strong>Philosophia,</strong></span> <span class='ocrx_word' id='word_1_116' title='bbox 959 1192 1100 1277; x_wconf 87' lang='lat' dir='ltr'><strong>aviris,</strong></span> <span class='ocrx_word' id='word_1_117' title='bbox 1121 1217 1212 1286; x_wconf 93' lang='lat' dir='ltr'><strong>quo·</strong></span> <span class='ocrx_word' id='word_1_118' title='bbox 1261 1221 1342 1265; x_wconf 79' lang='lat' dir='ltr'><strong>trem</strong></span> <span class='ocrx_word' id='word_1_119' title='bbox 1365 1195 1505 1265; x_wconf 87' lang='lat' dir='ltr'><strong>sceleris</strong></span> <span class='ocrx_word' id='word_1_120' title='bbox 1530 1193 1597 1267; x_wconf 90' lang='lat' dir='ltr'><strong>sui.</strong></span> <span class='ocrx_word' id='word_1_121' title='bbox 1651 1193 1772 1288; x_wconf 90' lang='lat' dir='ltr'><strong>ltaque</strong></span> <span class='ocrx_word' id='word_1_122' title='bbox 1796 1208 1951 1264; x_wconf 90' lang='lat' dir='ltr'><strong>moestus</strong></span> <span class='ocrx_word' id='word_1_123' title='bbox 1973 1193 2069 1264; x_wconf 87' lang='lat' dir='ltr'><strong>redit</strong></span> <span class='ocrx_word' id='word_1_124' title='bbox 2084 1194 2128 1262; x_wconf 91' lang='lat' dir='ltr'><strong>ad</strong></span> <span class='ocrx_word' id='word_1_125' title='bbox 2152 1193 2252 1262; x_wconf 90' lang='lat' dir='ltr'><strong>illam</strong></span> 
     </span>
     <span class='ocr_line' id='line_1_11' title="bbox 219 1293 2253 1393; baseline -0.009 -13"><span class='ocrx_word' id='word_1_126' title='bbox 219 1331 301 1380; x_wconf 88' lang='lat' dir='ltr'><strong>rum</strong></span> <span class='ocrx_word' id='word_1_127' title='bbox 317 1298 470 1374; x_wconf 87' lang='lat' dir='ltr'><strong>eruditio</strong></span> <span class='ocrx_word' id='word_1_128' title='bbox 488 1307 523 1365; x_wconf 91' lang='lat' dir='ltr'><strong>et</strong></span> <span class='ocrx_word' id='word_1_129' title='bbox 537 1293 706 1364; x_wconf 89' lang='lat' dir='ltr'><strong>autoritas</strong></span> <span class='ocrx_word' id='word_1_130' title='bbox 722 1293 815 1382; x_wconf 88' lang='lat' dir='ltr'><strong>apud</strong></span> <span class='ocrx_word' id='word_1_131' title='bbox 831 1317 894 1362; x_wconf 89' lang='lat' dir='ltr'><strong>vos</strong></span> <span class='ocrx_word' id='word_1_132' title='bbox 909 1315 1045 1362; x_wconf 81' lang='lat' dir='ltr'><strong>srrruma</strong></span> <span class='ocrx_word' id='word_1_133' title='bbox 1062 1293 1212 1364; x_wconf 88' lang='lat' dir='ltr'><strong>essede·</strong></span> <span class='ocrx_word' id='word_1_134' title='bbox 1261 1321 1448 1393; x_wconf 78' lang='lat' dir='ltr'><strong>quercum,</strong></span> <span class='ocrx_word' id='word_1_135' title='bbox 1480 1298 1523 1366; x_wconf 91' lang='lat' dir='ltr'><strong>ad</strong></span> <span class='ocrx_word' id='word_1_136' title='bbox 1557 1296 1748 1390; x_wconf 86' lang='lat' dir='ltr'><strong>placandos</strong></span> <span class='ocrx_word' id='word_1_137' title='bbox 1777 1294 1871 1364; x_wconf 87' lang='lat' dir='ltr'><strong>servi</strong></span> <span class='ocrx_word' id='word_1_138' title='bbox 1902 1303 2040 1382; x_wconf 85' lang='lat' dir='ltr'><strong>manes3</strong></span> <span class='ocrx_word' id='word_1_139' title='bbox 2084 1296 2253 1368; x_wconf 85' lang='lat' dir='ltr'><strong>sedtum</strong></span> 
     </span>
     <span class='ocr_line' id='line_1_12' title="bbox 219 1395 2254 1498; baseline -0.009 -16"><span class='ocrx_word' id='word_1_140' title='bbox 219 1411 298 1492; x_wconf 89' lang='lat' dir='ltr'><strong>het,</strong></span> <span class='ocrx_word' id='word_1_141' title='bbox 323 1425 439 1498; x_wconf 82' lang='lat' dir='ltr'><strong>neque</strong></span> <span class='ocrx_word' id='word_1_142' title='bbox 454 1420 517 1487; x_wconf 90' lang='lat' dir='ltr'><strong>ego</strong></span> <span class='ocrx_word' id='word_1_143' title='bbox 532 1398 570 1464; x_wconf 92' lang='lat' dir='ltr'><strong>in</strong></span> <span class='ocrx_word' id='word_1_144' title='bbox 589 1411 797 1483; x_wconf 90' lang='lat' dir='ltr'><strong>argumento</strong></span> <span class='ocrx_word' id='word_1_145' title='bbox 815 1395 918 1474; x_wconf 89' lang='lat' dir='ltr'><strong>toties</strong></span> <span class='ocrx_word' id='word_1_146' title='bbox 935 1396 1064 1484; x_wconf 88' lang='lat' dir='ltr'><strong>agitato</strong></span> <span class='ocrx_word' id='word_1_147' title='bbox 1082 1419 1211 1465; x_wconf 85' lang='lat' dir='ltr'><strong>novam</strong></span> <span class='ocrx_word' id='word_1_148' title='bbox 1261 1399 1371 1494; x_wconf 86' lang='lat' dir='ltr'><strong>aperit</strong></span> <span class='ocrx_word' id='word_1_149' title='bbox 1394 1400 1577 1486; x_wconf 85' lang='lat' dir='ltr'><strong>arborem,</strong></span> <span class='ocrx_word' id='word_1_150' title='bbox 1607 1407 1649 1467; x_wconf 91' lang='lat' dir='ltr'><strong>ut</strong></span> <span class='ocrx_word' id='word_1_151' title='bbox 1677 1397 1826 1469; x_wconf 87' lang='lat' dir='ltr'><strong>cadaver</strong></span> <span class='ocrx_word' id='word_1_152' title='bbox 1850 1396 1934 1466; x_wconf 90' lang='lat' dir='ltr'><strong>inde</strong></span> <span class='ocrx_word' id='word_1_153' title='bbox 1959 1408 2162 1488; x_wconf 88' lang='lat' dir='ltr'><strong>exemptum</strong></span> <span class='ocrx_word' id='word_1_154' title='bbox 2189 1395 2254 1464; x_wconf 82' lang='lat' dir='ltr'><strong>rite</strong></span> 
     </span>
     <span class='ocr_line' id='line_1_13' title="bbox 221 1495 2254 1594; baseline -0.009 -12"><span class='ocrx_word' id='word_1_155' title='bbox 221 1509 418 1585; x_wconf 90' lang='lat' dir='ltr'><strong>orationem</strong></span> <span class='ocrx_word' id='word_1_156' title='bbox 446 1497 608 1568; x_wconf 89' lang='lat' dir='ltr'><strong>iuvenire</strong></span> <span class='ocrx_word' id='word_1_157' title='bbox 629 1495 760 1587; x_wconf 92' lang='lat' dir='ltr'><strong>potuit:</strong></span> <span class='ocrx_word' id='word_1_158' title='bbox 796 1496 920 1590; x_wconf 89' lang='lat' dir='ltr'><strong>ltaque</strong></span> <span class='ocrx_word' id='word_1_159' title='bbox 941 1521 1054 1566; x_wconf 76' lang='lat' dir='ltr'><strong>tanum</strong></span> <span class='ocrx_word' id='word_1_160' title='bbox 1074 1511 1212 1568; x_wconf 91' lang='lat' dir='ltr'><strong>tantum</strong></span> <span class='ocrx_word' id='word_1_161' title='bbox 1262 1502 1427 1594; x_wconf 85' lang='lat' dir='ltr'><strong>sepeliat,</strong></span> <span class='ocrx_word' id='word_1_162' title='bbox 1452 1525 1530 1570; x_wconf 91' lang='lat' dir='ltr'><strong>ecce</strong></span> <span class='ocrx_word' id='word_1_163' title='bbox 1550 1513 1688 1592; x_wconf 89' lang='lat' dir='ltr'><strong>praeter</strong></span> <span class='ocrx_word' id='word_1_164' title='bbox 1709 1521 1806 1590; x_wconf 90' lang='lat' dir='ltr'><strong>spem</strong></span> <span class='ocrx_word' id='word_1_165' title='bbox 1822 1513 1927 1594; x_wconf 92' lang='lat' dir='ltr'><strong>atque</strong></span> <span class='ocrx_word' id='word_1_166' title='bbox 1948 1497 2181 1592; x_wconf 88' lang='lat' dir='ltr'><strong>opinionem,</strong></span> <span class='ocrx_word' id='word_1_167' title='bbox 2203 1497 2254 1564; x_wconf 84' lang='lat' dir='ltr'><strong>vi-</strong></span> 
     </span>
     <span class='ocr_line' id='line_1_14' title="bbox 221 1592 2254 1696; baseline -0.009 -9"><span class='ocrx_word' id='word_1_168' title='bbox 221 1615 340 1686; x_wconf 92' lang='lat' dir='ltr'><strong>locum</strong></span> <span class='ocrx_word' id='word_1_169' title='bbox 363 1608 401 1676; x_wconf 89' lang='lat' dir='ltr'><strong>in</strong></span> <span class='ocrx_word' id='word_1_170' title='bbox 424 1599 620 1696; x_wconf 89' lang='lat' dir='ltr'><strong>praesentia</strong></span> <span class='ocrx_word' id='word_1_171' title='bbox 648 1592 736 1666; x_wconf 90' lang='lat' dir='ltr'><strong>mihi</strong></span> <span class='ocrx_word' id='word_1_172' title='bbox 762 1598 893 1688; x_wconf 84' lang='lat' dir='ltr'><strong>delegi,</strong></span> <span class='ocrx_word' id='word_1_173' title='bbox 925 1623 1029 1692; x_wconf 91' lang='lat' dir='ltr'><strong>quem</strong></span> <span class='ocrx_word' id='word_1_174' title='bbox 1058 1597 1213 1670; x_wconf 82' lang='lat' dir='ltr'><strong>iudicavi</strong></span> <span class='ocrx_word' id='word_1_175' title='bbox 1263 1607 1322 1676; x_wconf 87' lang='lat' dir='ltr'><strong>det</strong></span> <span class='ocrx_word' id='word_1_176' title='bbox 1343 1627 1482 1674; x_wconf 87' lang='lat' dir='ltr'><strong>servum</strong></span> <span class='ocrx_word' id='word_1_177' title='bbox 1498 1602 1616 1670; x_wconf 87' lang='lat' dir='ltr'><strong>vivere</strong></span> <span class='ocrx_word' id='word_1_178' title='bbox 1636 1601 1870 1692; x_wconf 86' lang='lat' dir='ltr'><strong>superstitem.</strong></span> <span class='ocrx_word' id='word_1_179' title='bbox 1922 1597 2029 1670; x_wconf 86' lang='lat' dir='ltr'><strong>Hunc</strong></span> <span class='ocrx_word' id='word_1_180' title='bbox 2046 1601 2254 1690; x_wconf 84' lang='lat' dir='ltr'><strong>interrogat,</strong></span> 
     </span>
     <span class='ocr_line' id='line_1_15' title="bbox 222 1699 2254 1791; baseline -0.008 -4"><span class='ocrx_word' id='word_1_181' title='bbox 222 1715 298 1786; x_wconf 90' lang='lat' dir='ltr'><strong>istis</strong></span> <span class='ocrx_word' id='word_1_182' title='bbox 332 1707 492 1780; x_wconf 91' lang='lat' dir='ltr'><strong>moribus</strong></span> <span class='ocrx_word' id='word_1_183' title='bbox 533 1715 566 1772; x_wconf 93' lang='lat' dir='ltr'><strong>et</strong></span> <span class='ocrx_word' id='word_1_184' title='bbox 607 1699 827 1791; x_wconf 88' lang='lat' dir='ltr'><strong>temporibus</strong></span> <span class='ocrx_word' id='word_1_185' title='bbox 863 1701 966 1769; x_wconf 89' lang='lat' dir='ltr'><strong>valde</strong></span> <span class='ocrx_word' id='word_1_186' title='bbox 1007 1699 1215 1785; x_wconf 89' lang='lat' dir='ltr'><strong>convenire,</strong></span> <span class='ocrx_word' id='word_1_187' title='bbox 1261 1707 1359 1778; x_wconf 90' lang='lat' dir='ltr'><strong>unde</strong></span> <span class='ocrx_word' id='word_1_188' title='bbox 1373 1704 1500 1776; x_wconf 84' lang='lat' dir='ltr'><strong>vixerit</strong></span> <span class='ocrx_word' id='word_1_189' title='bbox 1522 1701 1690 1774; x_wconf 82' lang='lat' dir='ltr'><strong>interim?</strong></span> <span class='ocrx_word' id='word_1_190' title='bbox 1721 1700 1854 1774; x_wconf 86' lang='lat' dir='ltr'><strong>Servus</strong></span> <span class='ocrx_word' id='word_1_191' title='bbox 1875 1715 2047 1774; x_wconf 88' lang='lat' dir='ltr'><strong>monstrat</strong></span> <span class='ocrx_word' id='word_1_192' title='bbox 2066 1702 2108 1770; x_wconf 95' lang='lat' dir='ltr'><strong>in</strong></span> <span class='ocrx_word' id='word_1_193' title='bbox 2129 1703 2254 1771; x_wconf 87' lang='lat' dir='ltr'><strong>arbore</strong></span> 
     </span>
     <span class='ocr_line' id='line_1_16' title="bbox 223 1800 2249 1912; baseline -0.008 -25"><span class='ocrx_word' id='word_1_194' title='bbox 223 1815 365 1912; x_wconf 81' lang='lat' dir='ltr'><strong>quando</strong></span> <span class='ocrx_word' id='word_1_195' title='bbox 402 1827 526 1878; x_wconf 86' lang='lat' dir='ltr'><strong>omnes</strong></span> <span class='ocrx_word' id='word_1_196' title='bbox 562 1800 801 1873; x_wconf 85' lang='lat' dir='ltr'><strong>adolescentes</strong></span> <span class='ocrx_word' id='word_1_197' title='bbox 835 1802 997 1892; x_wconf 82' lang='lat' dir='ltr'><strong>religiose</strong></span> <span class='ocrx_word' id='word_1_198' title='bbox 1035 1803 1216 1874; x_wconf 89' lang='lat' dir='ltr'><strong>abstinent</strong></span> <span class='ocrx_word' id='word_1_199' title='bbox 1262 1810 1361 1878; x_wconf 87' lang='lat' dir='ltr'><strong>lavos</strong></span> <span class='ocrx_word' id='word_1_200' title='bbox 1377 1831 1417 1877; x_wconf 88' lang='lat' dir='ltr'><strong>ac</strong></span> <span class='ocrx_word' id='word_1_201' title='bbox 1431 1805 1550 1893; x_wconf 77' lang='lat' dir='ltr'><strong>mella,</strong></span> <span class='ocrx_word' id='word_1_202' title='bbox 1568 1817 1602 1876; x_wconf 93' lang='lat' dir='ltr'><strong>et</strong></span> <span class='ocrx_word' id='word_1_203' title='bbox 1617 1817 1747 1890; x_wconf 83' lang='lat' dir='ltr'><strong>narrat,</strong></span> <span class='ocrx_word' id='word_1_204' title='bbox 1761 1801 1885 1874; x_wconf 87' lang='lat' dir='ltr'><strong>Musas</strong></span> <span class='ocrx_word' id='word_1_205' title='bbox 1899 1805 2085 1875; x_wconf 88' lang='lat' dir='ltr'><strong>reddentes</strong></span> <span class='ocrx_word' id='word_1_206' title='bbox 2100 1803 2249 1896; x_wconf 85' lang='lat' dir='ltr'><strong>praemia</strong></span> 
     </span>
     <span class='ocr_line' id='line_1_17' title="bbox 223 1902 2136 2004; baseline -0.004 -17"><span class='ocrx_word' id='word_1_207' title='bbox 223 1947 243 1992; x_wconf 84' lang='lat' dir='ltr'><strong>a</strong></span> <span class='ocrx_word' id='word_1_208' title='bbox 259 1905 510 2004; x_wconf 89' lang='lat' dir='ltr'><strong>Philosophiae</strong></span> <span class='ocrx_word' id='word_1_209' title='bbox 526 1905 672 1988; x_wconf 91' lang='lat' dir='ltr'><strong>studiis,</strong></span> <span class='ocrx_word' id='word_1_210' title='bbox 694 1902 777 1998; x_wconf 88' lang='lat' dir='ltr'><strong>quia</strong></span> <span class='ocrx_word' id='word_1_211' title='bbox 791 1917 922 1994; x_wconf 89' lang='lat' dir='ltr'><strong>negant</strong></span> <span class='ocrx_word' id='word_1_212' title='bbox 938 1903 998 1974; x_wconf 88' lang='lat' dir='ltr'><strong>illa</strong></span> <span class='ocrx_word' id='word_1_213' title='bbox 1015 1929 1088 1975; x_wconf 90' lang='lat' dir='ltr'><strong>esse</strong></span> <span class='ocrx_word' id='word_1_214' title='bbox 1105 1928 1215 1998; x_wconf 91' lang='lat' dir='ltr'><strong>quae-</strong></span> <span class='ocrx_word' id='word_1_215' title='bbox 1263 1909 1404 2004; x_wconf 85' lang='lat' dir='ltr'><strong>pietati,</strong></span> <span class='ocrx_word' id='word_1_216' title='bbox 1430 1906 1526 2002; x_wconf 81' lang='lat' dir='ltr'><strong>Apes</strong></span> <span class='ocrx_word' id='word_1_217' title='bbox 1542 1932 1583 1978; x_wconf 93' lang='lat' dir='ltr'><strong>eo</strong></span> <span class='ocrx_word' id='word_1_218' title='bbox 1604 1905 1739 1976; x_wconf 86' lang='lat' dir='ltr'><strong>misisse</strong></span> <span class='ocrx_word' id='word_1_219' title='bbox 1759 1907 1804 1976; x_wconf 92' lang='lat' dir='ltr'><strong>ad</strong></span> <span class='ocrx_word' id='word_1_220' title='bbox 1821 1907 1936 2000; x_wconf 88' lang='lat' dir='ltr'><strong>ipsum</strong></span> <span class='ocrx_word' id='word_1_221' title='bbox 1951 1905 2136 1980; x_wconf 86' lang='lat' dir='ltr'><strong>alendum.</strong></span> 
     </span>
     <span class='ocr_line' id='line_1_18' title="bbox 224 2001 2250 2104; baseline -0.009 -11"><span class='ocrx_word' id='word_1_222' title='bbox 224 2035 362 2100; x_wconf 89' lang='lat' dir='ltr'><strong>stuosa,</strong></span> <span class='ocrx_word' id='word_1_223' title='bbox 385 2029 418 2084; x_wconf 94' lang='lat' dir='ltr'><strong>et</strong></span> <span class='ocrx_word' id='word_1_224' title='bbox 440 2023 481 2081; x_wconf 89' lang='lat' dir='ltr'><strong>ut</strong></span> <span class='ocrx_word' id='word_1_225' title='bbox 503 2007 609 2104; x_wconf 80' lang='lat' dir='ltr'><strong>vulgo</strong></span> <span class='ocrx_word' id='word_1_226' title='bbox 629 2006 771 2091; x_wconf 90' lang='lat' dir='ltr'><strong>dicunt,</strong></span> <span class='ocrx_word' id='word_1_227' title='bbox 797 2029 870 2076; x_wconf 91' lang='lat' dir='ltr'><strong>non</strong></span> <span class='ocrx_word' id='word_1_228' title='bbox 895 2029 969 2077; x_wconf 90' lang='lat' dir='ltr'><strong>esse</strong></span> <span class='ocrx_word' id='word_1_229' title='bbox 990 2007 1034 2076; x_wconf 89' lang='lat' dir='ltr'><strong>de</strong></span> <span class='ocrx_word' id='word_1_230' title='bbox 1052 2031 1144 2100; x_wconf 88' lang='lat' dir='ltr'><strong>pane</strong></span> <span class='ocrx_word' id='word_1_231' title='bbox 1158 2005 1216 2076; x_wconf 90' lang='lat' dir='ltr'><strong>lu·</strong></span> <span class='ocrx_word' id='word_1_232' title='bbox 1367 2009 1462 2080; x_wconf 88' lang='lat' dir='ltr'><strong>Haec</strong></span> <span class='ocrx_word' id='word_1_233' title='bbox 1476 2023 1527 2079; x_wconf 88' lang='lat' dir='ltr'><strong>est</strong></span> <span class='ocrx_word' id='word_1_234' title='bbox 1542 2009 1674 2091; x_wconf 84' lang='lat' dir='ltr'><strong>sabula,</strong></span> <span class='ocrx_word' id='word_1_235' title='bbox 1696 2033 1786 2102; x_wconf 89' lang='lat' dir='ltr'><strong>quae</strong></span> <span class='ocrx_word' id='word_1_236' title='bbox 1800 2021 1894 2080; x_wconf 84' lang='lat' dir='ltr'><strong>extat</strong></span> <span class='ocrx_word' id='word_1_237' title='bbox 1907 2011 2001 2101; x_wconf 91' lang='lat' dir='ltr'><strong>apud</strong></span> <span class='ocrx_word' id='word_1_238' title='bbox 2018 2001 2250 2078; x_wconf 86' lang='lat' dir='ltr'><strong>Theocritum</strong></span> 
     </span>
     <span class='ocr_line' id='line_1_19' title="bbox 225 2105 2253 2204; baseline -0.009 -9"><span class='ocrx_word' id='word_1_239' title='bbox 225 2107 371 2195; x_wconf 88' lang='lat' dir='ltr'><strong>crando.</strong></span> <span class='ocrx_word' id='word_1_240' title='bbox 421 2109 499 2204; x_wconf 83' lang='lat' dir='ltr'><strong>Ego</strong></span> <span class='ocrx_word' id='word_1_241' title='bbox 513 2133 596 2180; x_wconf 88' lang='lat' dir='ltr'><strong>vero</strong></span> <span class='ocrx_word' id='word_1_242' title='bbox 615 2121 760 2202; x_wconf 89' lang='lat' dir='ltr'><strong>propter</strong></span> <span class='ocrx_word' id='word_1_243' title='bbox 774 2105 970 2199; x_wconf 88' lang='lat' dir='ltr'><strong>augustiam</strong></span> <span class='ocrx_word' id='word_1_244' title='bbox 986 2109 1154 2202; x_wconf 89' lang='lat' dir='ltr'><strong>temporis</strong></span> <span class='ocrx_word' id='word_1_245' title='bbox 1177 2107 1215 2176; x_wconf 84' lang='lat' dir='ltr'><strong>in</strong></span> <span class='ocrx_word' id='word_1_246' title='bbox 1265 2111 1481 2185; x_wconf 80' lang='lat' dir='ltr'><strong>suavissimis</strong></span> <span class='ocrx_word' id='word_1_247' title='bbox 1495 2111 1655 2181; x_wconf 88' lang='lat' dir='ltr'><strong>versibus</strong></span> <span class='ocrx_word' id='word_1_248' title='bbox 1669 2111 1809 2202; x_wconf 88' lang='lat' dir='ltr'><strong>scripta.</strong></span> <span class='ocrx_word' id='word_1_249' title='bbox 1845 2105 1904 2181; x_wconf 90' lang='lat' dir='ltr'><strong>Au</strong></span> <span class='ocrx_word' id='word_1_250' title='bbox 1920 2135 2005 2180; x_wconf 87' lang='lat' dir='ltr'><strong>vero</strong></span> <span class='ocrx_word' id='word_1_251' title='bbox 2021 2108 2091 2178; x_wconf 92' lang='lat' dir='ltr'><strong>ulli</strong></span> <span class='ocrx_word' id='word_1_252' title='bbox 2106 2109 2253 2178; x_wconf 88' lang='lat' dir='ltr'><strong>dubium</strong></span> 
     </span>
     <span class='ocr_line' id='line_1_20' title="bbox 224 2207 2257 2306; baseline -0.009 -9"><span class='ocrx_word' id='word_1_253' title='bbox 224 2223 398 2297; x_wconf 93' lang='lat' dir='ltr'><strong>hocloco</strong></span> <span class='ocrx_word' id='word_1_254' title='bbox 428 2237 503 2285; x_wconf 93' lang='lat' dir='ltr'><strong>non</strong></span> <span class='ocrx_word' id='word_1_255' title='bbox 535 2231 710 2300; x_wconf 87' lang='lat' dir='ltr'><strong>exponere</strong></span> <span class='ocrx_word' id='word_1_256' title='bbox 736 2232 898 2300; x_wconf 81' lang='lat' dir='ltr'><strong>possum,</strong></span> <span class='ocrx_word' id='word_1_257' title='bbox 934 2231 1020 2302; x_wconf 90' lang='lat' dir='ltr'><strong>quas</strong></span> <span class='ocrx_word' id='word_1_258' title='bbox 1046 2209 1217 2284; x_wconf 89' lang='lat' dir='ltr'><strong>utilitates</strong></span> <span class='ocrx_word' id='word_1_259' title='bbox 1266 2239 1340 2286; x_wconf 87' lang='lat' dir='ltr'><strong>esse</strong></span> <span class='ocrx_word' id='word_1_260' title='bbox 1370 2227 1504 2306; x_wconf 90' lang='lat' dir='ltr'><strong>potest,</strong></span> <span class='ocrx_word' id='word_1_261' title='bbox 1537 2213 1625 2306; x_wconf 92' lang='lat' dir='ltr'><strong>quid</strong></span> <span class='ocrx_word' id='word_1_262' title='bbox 1656 2211 1905 2304; x_wconf 85' lang='lat' dir='ltr'><strong>significaverit</strong></span> <span class='ocrx_word' id='word_1_263' title='bbox 1933 2209 2041 2284; x_wconf 72' lang='lat' dir='ltr'><strong>Poeta</strong></span> <span class='ocrx_word' id='word_1_264' title='bbox 2068 2207 2139 2281; x_wconf 89' lang='lat' dir='ltr'><strong>hoc</strong></span> <span class='ocrx_word' id='word_1_265' title='bbox 2164 2235 2257 2280; x_wconf 80' lang='lat' dir='ltr'><strong>cour-</strong></span> 
     </span>
     <span class='ocr_line' id='line_1_21' title="bbox 225 2307 2329 2417; baseline -0.007 -21"><span class='ocrx_word' id='word_1_266' title='bbox 225 2323 380 2417; x_wconf 91' lang='lat' dir='ltr'><strong>cognitio</strong></span> <span class='ocrx_word' id='word_1_267' title='bbox 403 2307 655 2404; x_wconf 87' lang='lat' dir='ltr'><strong>Philosophiae</strong></span> <span class='ocrx_word' id='word_1_268' title='bbox 677 2311 845 2381; x_wconf 86' lang='lat' dir='ltr'><strong>studiosis</strong></span> <span class='ocrx_word' id='word_1_269' title='bbox 869 2311 1023 2396; x_wconf 83' lang='lat' dir='ltr'><strong>adferat,</strong></span> <span class='ocrx_word' id='word_1_270' title='bbox 1055 2312 1114 2380; x_wconf 87' lang='lat' dir='ltr'><strong>sed</strong></span> <span class='ocrx_word' id='word_1_271' title='bbox 1138 2325 1218 2382; x_wconf 90' lang='lat' dir='ltr'><strong>tan·</strong></span> <span class='ocrx_word' id='word_1_272' title='bbox 1266 2316 1412 2388; x_wconf 84' lang='lat' dir='ltr'><strong>mento?</strong></span> <span class='ocrx_word' id='word_1_273' title='bbox 1444 2311 1626 2386; x_wconf 87' lang='lat' dir='ltr'><strong>Admonet</strong></span> <span class='ocrx_word' id='word_1_274' title='bbox 1641 2309 1804 2385; x_wconf 87' lang='lat' dir='ltr'><strong>honestas</strong></span> <span class='ocrx_word' id='word_1_275' title='bbox 1821 2329 1912 2386; x_wconf 87' lang='lat' dir='ltr'><strong>artes</strong></span> <span class='ocrx_word' id='word_1_276' title='bbox 1928 2328 2074 2408; x_wconf 88' lang='lat' dir='ltr'><strong>propter</strong></span> <span class='ocrx_word' id='word_1_277' title='bbox 2090 2313 2254 2383; x_wconf 88' lang='lat' dir='ltr'><strong>virtutem</strong></span> <span class='ocrx_word' id='word_1_278' title='bbox 2328 2331 2329 2340; x_wconf 58' lang='lat'>¹</span> 
     </span>
     <span class='ocr_line' id='line_1_22' title="bbox 225 2407 2255 2515; baseline -0.008 -17"><span class='ocrx_word' id='word_1_279' title='bbox 225 2443 302 2498; x_wconf 94' lang='lat' dir='ltr'><strong>tum</strong></span> <span class='ocrx_word' id='word_1_280' title='bbox 320 2419 442 2515; x_wconf 88' lang='lat' dir='ltr'><strong>paucis</strong></span> <span class='ocrx_word' id='word_1_281' title='bbox 459 2414 642 2497; x_wconf 86' lang='lat' dir='ltr'><strong>indicabo,</strong></span> <span class='ocrx_word' id='word_1_282' title='bbox 668 2435 733 2481; x_wconf 86' lang='lat' dir='ltr'><strong>nec</strong></span> <span class='ocrx_word' id='word_1_283' title='bbox 747 2413 828 2482; x_wconf 90' lang='lat' dir='ltr'><strong>illos</strong></span> <span class='ocrx_word' id='word_1_284' title='bbox 845 2435 966 2502; x_wconf 90' lang='lat' dir='ltr'><strong>egere,</strong></span> <span class='ocrx_word' id='word_1_285' title='bbox 992 2411 1053 2506; x_wconf 92' lang='lat' dir='ltr'><strong>qui</strong></span> <span class='ocrx_word' id='word_1_286' title='bbox 1072 2407 1219 2484; x_wconf 81' lang='lat' dir='ltr'><strong>adhaec</strong></span> <span class='ocrx_word' id='word_1_287' title='bbox 1267 2419 1433 2488; x_wconf 89' lang='lat' dir='ltr'><strong>colendas</strong></span> <span class='ocrx_word' id='word_1_288' title='bbox 1446 2439 1540 2502; x_wconf 87' lang='lat' dir='ltr'><strong>esse,</strong></span> <span class='ocrx_word' id='word_1_289' title='bbox 1565 2439 1656 2510; x_wconf 90' lang='lat' dir='ltr'><strong>quae</strong></span> <span class='ocrx_word' id='word_1_290' title='bbox 1678 2417 1742 2486; x_wconf 84' lang='lat' dir='ltr'><strong>etsi</strong></span> <span class='ocrx_word' id='word_1_291' title='bbox 1758 2440 1881 2508; x_wconf 89' lang='lat' dir='ltr'><strong>parum</strong></span> <span class='ocrx_word' id='word_1_292' title='bbox 1897 2419 2099 2488; x_wconf 84' lang='lat' dir='ltr'><strong>fructuosae</strong></span> <span class='ocrx_word' id='word_1_293' title='bbox 2113 2415 2255 2484; x_wconf 89' lang='lat' dir='ltr'><strong>videan-</strong></span> 
     </span>
     <span class='ocr_line' id='line_1_23' title="bbox 227 2513 2252 2612; baseline -0.007 -12"><span class='ocrx_word' id='word_1_294' title='bbox 227 2527 344 2600; x_wconf 89' lang='lat' dir='ltr'><strong>studia</strong></span> <span class='ocrx_word' id='word_1_295' title='bbox 367 2515 607 2608; x_wconf 86' lang='lat' dir='ltr'><strong>cognoscenda</strong></span> <span class='ocrx_word' id='word_1_296' title='bbox 631 2537 775 2606; x_wconf 88' lang='lat' dir='ltr'><strong>operam</strong></span> <span class='ocrx_word' id='word_1_297' title='bbox 794 2536 894 2584; x_wconf 88' lang='lat' dir='ltr'><strong>suam</strong></span> <span class='ocrx_word' id='word_1_298' title='bbox 919 2513 1158 2599; x_wconf 83' lang='lat' dir='ltr'><strong>collocarunt,</strong></span> <span class='ocrx_word' id='word_1_299' title='bbox 1184 2525 1220 2584; x_wconf 86' lang='lat' dir='ltr'><strong>et</strong></span> <span class='ocrx_word' id='word_1_300' title='bbox 1268 2534 1327 2591; x_wconf 91' lang='lat' dir='ltr'><strong>tur</strong></span> <span class='ocrx_word' id='word_1_301' title='bbox 1347 2517 1462 2590; x_wconf 88' lang='lat' dir='ltr'><strong>avaris</strong></span> <span class='ocrx_word' id='word_1_302' title='bbox 1486 2531 1521 2589; x_wconf 91' lang='lat' dir='ltr'><strong>et</strong></span> <span class='ocrx_word' id='word_1_303' title='bbox 1542 2517 1732 2612; x_wconf 87' lang='lat' dir='ltr'><strong>improbis,</strong></span> <span class='ocrx_word' id='word_1_304' title='bbox 1756 2529 1874 2588; x_wconf 90' lang='lat' dir='ltr'><strong>tamen</strong></span> <span class='ocrx_word' id='word_1_305' title='bbox 1897 2513 1963 2588; x_wconf 93' lang='lat' dir='ltr'><strong>hoc</strong></span> <span class='ocrx_word' id='word_1_306' title='bbox 1979 2515 2159 2588; x_wconf 89' lang='lat' dir='ltr'><strong>divinitus</strong></span> <span class='ocrx_word' id='word_1_307' title='bbox 2174 2515 2252 2598; x_wconf 83' lang='lat' dir='ltr'><strong>deri,</strong></span> 
     </span>
     <span class='ocr_line' id='line_1_24' title="bbox 225 2614 2256 2716; baseline -0.005 -15"><span class='ocrx_word' id='word_1_308' title='bbox 225 2618 495 2716; x_wconf 90' lang='lat' dir='ltr'><strong>Philosophiam</strong></span> <span class='ocrx_word' id='word_1_309' title='bbox 511 2641 653 2711; x_wconf 92' lang='lat' dir='ltr'><strong>quoque</strong></span> <span class='ocrx_word' id='word_1_310' title='bbox 670 2639 752 2686; x_wconf 91' lang='lat' dir='ltr'><strong>suos</strong></span> <span class='ocrx_word' id='word_1_311' title='bbox 767 2627 953 2686; x_wconf 85' lang='lat' dir='ltr'><strong>sectatores</strong></span> <span class='ocrx_word' id='word_1_312' title='bbox 968 2617 1071 2686; x_wconf 88' lang='lat' dir='ltr'><strong>alere.</strong></span> <span class='ocrx_word' id='word_1_313' title='bbox 1093 2614 1218 2706; x_wconf 88' lang='lat' dir='ltr'><strong>Quan-</strong></span> <span class='ocrx_word' id='word_1_314' title='bbox 1268 2647 1314 2692; x_wconf 90' lang='lat' dir='ltr'><strong>ne</strong></span> <span class='ocrx_word' id='word_1_315' title='bbox 1333 2622 1451 2693; x_wconf 87' lang='lat' dir='ltr'><strong>desint</strong></span> <span class='ocrx_word' id='word_1_316' title='bbox 1467 2620 1521 2692; x_wconf 90' lang='lat' dir='ltr'><strong>itti</strong></span> <span class='ocrx_word' id='word_1_317' title='bbox 1543 2619 1658 2689; x_wconf 90' lang='lat' dir='ltr'><strong>labori</strong></span> <span class='ocrx_word' id='word_1_318' title='bbox 1674 2617 1863 2690; x_wconf 85' lang='lat' dir='ltr'><strong>mediocria</strong></span> <span class='ocrx_word' id='word_1_319' title='bbox 1879 2635 1912 2690; x_wconf 89' lang='lat' dir='ltr'><strong>ct</strong></span> <span class='ocrx_word' id='word_1_320' title='bbox 1928 2620 2076 2690; x_wconf 87' lang='lat' dir='ltr'><strong>honesta</strong></span> <span class='ocrx_word' id='word_1_321' title='bbox 2095 2617 2256 2711; x_wconf 90' lang='lat' dir='ltr'><strong>praemia.</strong></span> 
     </span>
     <span class='ocr_line' id='line_1_25' title="bbox 216 2715 2329 2826; baseline -0.006 -26"><span class='ocrx_word' id='word_1_322' title='bbox 216 2731 334 2826; x_wconf 88' lang='lat' dir='ltr'><strong>&#39;quam</strong></span> <span class='ocrx_word' id='word_1_323' title='bbox 360 2737 475 2796; x_wconf 90' lang='lat' dir='ltr'><strong>autem</strong></span> <span class='ocrx_word' id='word_1_324' title='bbox 505 2715 632 2789; x_wconf 91' lang='lat' dir='ltr'><strong>harum</strong></span> <span class='ocrx_word' id='word_1_325' title='bbox 661 2717 792 2788; x_wconf 91' lang='lat' dir='ltr'><strong>artium</strong></span> <span class='ocrx_word' id='word_1_326' title='bbox 820 2719 976 2808; x_wconf 81' lang='lat' dir='ltr'><strong>cognitio</strong></span> <span class='ocrx_word' id='word_1_327' title='bbox 999 2733 1144 2810; x_wconf 86' lang='lat' dir='ltr'><strong>propter</strong></span> <span class='ocrx_word' id='word_1_328' title='bbox 1171 2739 1221 2803; x_wconf 81' lang='lat' dir='ltr'><strong>se,</strong></span> <span class='ocrx_word' id='word_1_329' title='bbox 1371 2721 1454 2796; x_wconf 85' lang='lat' dir='ltr'><strong>Sint</strong></span> <span class='ocrx_word' id='word_1_330' title='bbox 1476 2746 1559 2793; x_wconf 92' lang='lat' dir='ltr'><strong>sane</strong></span> <span class='ocrx_word' id='word_1_331' title='bbox 1584 2723 1756 2815; x_wconf 89' lang='lat' dir='ltr'><strong>quaedam</strong></span> <span class='ocrx_word' id='word_1_332' title='bbox 1780 2721 1869 2794; x_wconf 89' lang='lat' dir='ltr'><strong>aliae</strong></span> <span class='ocrx_word' id='word_1_333' title='bbox 1897 2735 1990 2792; x_wconf 85' lang='lat' dir='ltr'><strong>artes</strong></span> <span class='ocrx_word' id='word_1_334' title='bbox 2012 2721 2126 2812; x_wconf 85' lang='lat' dir='ltr'><strong>magis</strong></span> <span class='ocrx_word' id='word_1_335' title='bbox 2156 2743 2259 2814; x_wconf 89' lang='lat' dir='ltr'><strong>quae·</strong></span> <span class='ocrx_word' id='word_1_336' title='bbox 2328 2733 2329 2812; x_wconf 73' lang='lat' dir='ltr'>f</span> 
     </span>
     <span class='ocr_line' id='line_1_26' title="bbox 229 2816 2329 2920; baseline -0.008 -17"><span class='ocrx_word' id='word_1_337' title='bbox 229 2857 304 2904; x_wconf 92' lang='lat' dir='ltr'><strong>non</strong></span> <span class='ocrx_word' id='word_1_338' title='bbox 329 2831 447 2900; x_wconf 81' lang='lat' dir='ltr'><strong>fructu</strong></span> <span class='ocrx_word' id='word_1_339' title='bbox 470 2822 590 2915; x_wconf 92' lang='lat' dir='ltr'><strong>aliquo</strong></span> <span class='ocrx_word' id='word_1_340' title='bbox 616 2819 808 2912; x_wconf 89' lang='lat' dir='ltr'><strong>expetenda</strong></span> <span class='ocrx_word' id='word_1_341' title='bbox 833 2833 927 2906; x_wconf 89' lang='lat' dir='ltr'><strong>erat,</strong></span> <span class='ocrx_word' id='word_1_342' title='bbox 958 2843 1038 2890; x_wconf 87' lang='lat' dir='ltr'><strong>curu</strong></span> <span class='ocrx_word' id='word_1_343' title='bbox 1061 2816 1155 2890; x_wconf 83' lang='lat' dir='ltr'><strong>nihil</strong></span> <span class='ocrx_word' id='word_1_344' title='bbox 1176 2819 1222 2889; x_wconf 80' lang='lat' dir='ltr'><strong>sil</strong></span> <span class='ocrx_word' id='word_1_345' title='bbox 1270 2839 1430 2906; x_wconf 87' lang='lat' dir='ltr'><strong>stuosae,</strong></span> <span class='ocrx_word' id='word_1_346' title='bbox 1456 2849 1544 2920; x_wconf 91' lang='lat' dir='ltr'><strong>quas</strong></span> <span class='ocrx_word' id='word_1_347' title='bbox 1568 2838 1685 2895; x_wconf 88' lang='lat' dir='ltr'><strong>tamen</strong></span> <span class='ocrx_word' id='word_1_348' title='bbox 1711 2848 1783 2892; x_wconf 93' lang='lat' dir='ltr'><strong>nou</strong></span> <span class='ocrx_word' id='word_1_349' title='bbox 1805 2824 1986 2916; x_wconf 89' lang='lat' dir='ltr'><strong>vitupero,</strong></span> <span class='ocrx_word' id='word_1_350' title='bbox 2014 2823 2261 2892; x_wconf 90' lang='lat' dir='ltr'><strong>cumsintne-</strong></span> <span class='ocrx_word' id='word_1_351' title='bbox 2328 2839 2329 2844; x_wconf 72' lang='grc'>’</span> 
     </span>
     <span class='ocr_line' id='line_1_27' title="bbox 228 2920 2329 3020; baseline -0.008 -14"><span class='ocrx_word' id='word_1_352' title='bbox 228 2929 438 3013; x_wconf 87' lang='lat' dir='ltr'><strong>honestum,</strong></span> <span class='ocrx_word' id='word_1_353' title='bbox 464 2925 558 3018; x_wconf 91' lang='lat' dir='ltr'><strong>quod</strong></span> <span class='ocrx_word' id='word_1_354' title='bbox 580 2943 654 2990; x_wconf 91' lang='lat' dir='ltr'><strong>non</strong></span> <span class='ocrx_word' id='word_1_355' title='bbox 676 2945 840 3011; x_wconf 89' lang='lat' dir='ltr'><strong>magnam</strong></span> <span class='ocrx_word' id='word_1_356' title='bbox 857 2922 961 2991; x_wconf 88' lang='lat' dir='ltr'><strong>etiam</strong></span> <span class='ocrx_word' id='word_1_357' title='bbox 975 2922 1164 2992; x_wconf 81' lang='lat' dir='ltr'><strong>utilitatem</strong></span> <span class='ocrx_word' id='word_1_358' title='bbox 1182 2921 1219 2990; x_wconf 79' lang='lat' dir='ltr'><strong>ln</strong></span> <span class='ocrx_word' id='word_1_359' title='bbox 1270 2929 1437 2998; x_wconf 88' lang='lat' dir='ltr'><strong>cessariae</strong></span> <span class='ocrx_word' id='word_1_360' title='bbox 1458 2926 1614 3020; x_wconf 84' lang='lat' dir='ltr'><strong>Reipub.</strong></span> <span class='ocrx_word' id='word_1_361' title='bbox 1664 2925 1734 2998; x_wconf 87' lang='lat' dir='ltr'><strong>Sed</strong></span> <span class='ocrx_word' id='word_1_362' title='bbox 1754 2920 1884 2996; x_wconf 87' lang='lat' dir='ltr'><strong>habeut</strong></span> <span class='ocrx_word' id='word_1_363' title='bbox 1909 2925 2052 2997; x_wconf 89' lang='lat' dir='ltr'><strong>interim</strong></span> <span class='ocrx_word' id='word_1_364' title='bbox 2076 2923 2261 2995; x_wconf 85' lang='lat' dir='ltr'><strong>suaetiaru</strong></span> <span class='ocrx_word' id='word_1_365' title='bbox 2328 2985 2329 3008; x_wconf 69' lang='lat'><strong>,</strong></span> 
     </span>
     <span class='ocr_line' id='line_1_28' title="bbox 231 3023 2329 3120; baseline -0.006 -14"><span class='ocrx_word' id='word_1_366' title='bbox 231 3061 268 3106; x_wconf 89' lang='lat' dir='ltr'><strong>se</strong></span> <span class='ocrx_word' id='word_1_367' title='bbox 285 3033 480 3106; x_wconf 90' lang='lat' dir='ltr'><strong>contineat:</strong></span> <span class='ocrx_word' id='word_1_368' title='bbox 506 3023 644 3094; x_wconf 86' lang='lat' dir='ltr'><strong>Tamen</strong></span> <span class='ocrx_word' id='word_1_369' title='bbox 662 3023 817 3093; x_wconf 87' lang='lat' dir='ltr'><strong>recitabo</strong></span> <span class='ocrx_word' id='word_1_370' title='bbox 832 3023 932 3092; x_wconf 86' lang='lat' dir='ltr'><strong>vohis</strong></span> <span class='ocrx_word' id='word_1_371' title='bbox 947 3023 1115 3109; x_wconf 82' lang='lat' dir='ltr'><strong>fabulam,</strong></span> <span class='ocrx_word' id='word_1_372' title='bbox 1137 3047 1222 3114; x_wconf 93' lang='lat' dir='ltr'><strong>pru·</strong></span> <span class='ocrx_word' id='word_1_373' title='bbox 1271 3027 1507 3104; x_wconf 77' lang='lat' dir='ltr'><strong>incommodi.</strong></span> <span class='ocrx_word' id='word_1_374' title='bbox 1561 3029 1607 3098; x_wconf 80' lang='lat' dir='ltr'><strong>At</strong></span> <span class='ocrx_word' id='word_1_375' title='bbox 1630 3051 1670 3098; x_wconf 85' lang='lat' dir='ltr'><strong>ex</strong></span> <span class='ocrx_word' id='word_1_376' title='bbox 1693 3024 1858 3096; x_wconf 88' lang='lat' dir='ltr'><strong>hisveris</strong></span> <span class='ocrx_word' id='word_1_377' title='bbox 1879 3027 2033 3114; x_wconf 88' lang='lat' dir='ltr'><strong>artibus,</strong></span> <span class='ocrx_word' id='word_1_378' title='bbox 2058 3049 2262 3120; x_wconf 85' lang='lat' dir='ltr'><strong>quaenunt</strong></span> <span class='ocrx_word' id='word_1_379' title='bbox 2328 3035 2329 3046; x_wconf 59' lang='lat'>¹</span> 
     </span>
     <span class='ocr_line' id='line_1_29' title="bbox 231 3119 2265 3220; baseline -0.006 -11"><span class='ocrx_word' id='word_1_380' title='bbox 231 3143 356 3208; x_wconf 87' lang='lat' dir='ltr'><strong>denter</strong></span> <span class='ocrx_word' id='word_1_381' title='bbox 371 3157 390 3202; x_wconf 92' lang='lat' dir='ltr'><strong>a</strong></span> <span class='ocrx_word' id='word_1_382' title='bbox 405 3127 528 3200; x_wconf 88' lang='lat' dir='ltr'><strong>Po&#39;e&#39;tis</strong></span> <span class='ocrx_word' id='word_1_383' title='bbox 543 3126 746 3210; x_wconf 91' lang='lat' dir='ltr'><strong>conlictam,</strong></span> <span class='ocrx_word' id='word_1_384' title='bbox 771 3147 839 3218; x_wconf 89' lang='lat' dir='ltr'><strong>qua</strong></span> <span class='ocrx_word' id='word_1_385' title='bbox 855 3125 994 3195; x_wconf 85' lang='lat' dir='ltr'><strong>animos</strong></span> <span class='ocrx_word' id='word_1_386' title='bbox 1010 3125 1221 3197; x_wconf 89' lang='lat' dir='ltr'><strong>discentium</strong></span> <span class='ocrx_word' id='word_1_387' title='bbox 1254 3119 1374 3201; x_wconf 69' lang='lat' dir='ltr'><strong>&#39;vobis</strong></span> <span class='ocrx_word' id='word_1_388' title='bbox 1389 3129 1699 3214; x_wconf 86' lang='lat' dir='ltr'><strong>commendantur,</strong></span> <span class='ocrx_word' id='word_1_389' title='bbox 1731 3129 1892 3218; x_wconf 89' lang='lat' dir='ltr'><strong>geminus</strong></span> <span class='ocrx_word' id='word_1_390' title='bbox 1906 3131 2040 3198; x_wconf 89' lang='lat' dir='ltr'><strong>lructus</strong></span> <span class='ocrx_word' id='word_1_391' title='bbox 2060 3127 2265 3220; x_wconf 87' lang='lat' dir='ltr'><strong>percipitur.</strong></span> 
     </span>
     <span class='ocr_line' id='line_1_30' title="bbox 231 3227 2265 3324; baseline -0.006 -13"><span class='ocrx_word' id='word_1_392' title='bbox 231 3237 440 3311; x_wconf 84' lang='lat' dir='ltr'><strong>confirmare</strong></span> <span class='ocrx_word' id='word_1_393' title='bbox 463 3230 674 3312; x_wconf 77' lang='lat' dir='ltr'><strong>voluerunt,</strong></span> <span class='ocrx_word' id='word_1_394' title='bbox 707 3249 753 3296; x_wconf 93' lang='lat' dir='ltr'><strong>ne</strong></span> <span class='ocrx_word' id='word_1_395' title='bbox 781 3227 958 3298; x_wconf 88' lang='lat' dir='ltr'><strong>absterriti</strong></span> <span class='ocrx_word' id='word_1_396' title='bbox 984 3227 1114 3322; x_wconf 88' lang='lat' dir='ltr'><strong>ineptis</strong></span> <span class='ocrx_word' id='word_1_397' title='bbox 1146 3229 1224 3300; x_wconf 80' lang='lat' dir='ltr'><strong>istis</strong></span> <span class='ocrx_word' id='word_1_398' title='bbox 1272 3231 1380 3306; x_wconf 77' lang='lat' dir='ltr'><strong>Nulla</strong></span> <span class='ocrx_word' id='word_1_399' title='bbox 1411 3257 1452 3302; x_wconf 89' lang='lat' dir='ltr'><strong>ex</strong></span> <span class='ocrx_word' id='word_1_400' title='bbox 1476 3255 1514 3302; x_wconf 88' lang='lat' dir='ltr'><strong>re</strong></span> <span class='ocrx_word' id='word_1_401' title='bbox 1537 3231 1707 3299; x_wconf 90' lang='lat' dir='ltr'><strong>maiorem</strong></span> <span class='ocrx_word' id='word_1_402' title='bbox 1732 3231 1947 3324; x_wconf 71' lang='lat' dir='ltr'><strong>voluptatem</strong></span> <span class='ocrx_word' id='word_1_403' title='bbox 1976 3230 2117 3300; x_wconf 88' lang='lat' dir='ltr'><strong>animus</strong></span> <span class='ocrx_word' id='word_1_404' title='bbox 2143 3253 2265 3322; x_wconf 86' lang='lat' dir='ltr'><strong>capere</strong></span> 
     </span>
     <span class='ocr_line' id='line_1_31' title="bbox 232 3325 2265 3430; baseline -0.005 -20"><span class='ocrx_word' id='word_1_405' title='bbox 232 3333 545 3411; x_wconf 82' lang='lat' dir='ltr'><strong>&#39;vociferationibus</strong></span> <span class='ocrx_word' id='word_1_406' title='bbox 579 3325 765 3399; x_wconf 92' lang='lat' dir='ltr'><strong>homiuum</strong></span> <span class='ocrx_word' id='word_1_407' title='bbox 800 3328 1067 3422; x_wconf 87' lang='lat' dir='ltr'><strong>imperitorum,</strong></span> <span class='ocrx_word' id='word_1_408' title='bbox 1106 3329 1223 3401; x_wconf 83' lang='lat' dir='ltr'><strong>studia</strong></span> <span class='ocrx_word' id='word_1_409' title='bbox 1273 3345 1406 3430; x_wconf 90' lang='lat' dir='ltr'><strong>potest,</strong></span> <span class='ocrx_word' id='word_1_410' title='bbox 1430 3357 1535 3428; x_wconf 90' lang='lat' dir='ltr'><strong>quam</strong></span> <span class='ocrx_word' id='word_1_411' title='bbox 1553 3357 1594 3401; x_wconf 91' lang='lat' dir='ltr'><strong>ex</strong></span> <span class='ocrx_word' id='word_1_412' title='bbox 1614 3333 1814 3424; x_wconf 90' lang='lat' dir='ltr'><strong>cognitione</strong></span> <span class='ocrx_word' id='word_1_413' title='bbox 1831 3331 2008 3418; x_wconf 89' lang='lat' dir='ltr'><strong>veritatis,</strong></span> <span class='ocrx_word' id='word_1_414' title='bbox 2034 3329 2084 3402; x_wconf 90' lang='lat' dir='ltr'><strong>Et</strong></span> <span class='ocrx_word' id='word_1_415' title='bbox 2101 3327 2173 3402; x_wconf 86' lang='lat' dir='ltr'><strong>hoc</strong></span> <span class='ocrx_word' id='word_1_416' title='bbox 2194 3347 2265 3401; x_wconf 91' lang='lat' dir='ltr'><strong>stu·</strong></span> 
     </span>
     <span class='ocr_line' id='line_1_32' title="bbox 232 3431 2266 3529; baseline -0.004 -18"><span class='ocrx_word' id='word_1_417' title='bbox 232 3432 486 3529; x_wconf 84' lang='lat' dir='ltr'><strong>Philosophiae</strong></span> <span class='ocrx_word' id='word_1_418' title='bbox 503 3433 716 3501; x_wconf 75' lang='lat' dir='ltr'><strong>desererent·</strong></span> <span class='ocrx_word' id='word_1_419' title='bbox 1274 3437 1335 3508; x_wconf 90' lang='lat' dir='ltr'><strong>dio</strong></span> <span class='ocrx_word' id='word_1_420' title='bbox 1360 3437 1404 3506; x_wconf 93' lang='lat' dir='ltr'><strong>ad</strong></span> <span class='ocrx_word' id='word_1_421' title='bbox 1426 3431 1681 3506; x_wconf 88' lang='lat' dir='ltr'><strong>humanitatem</strong></span> <span class='ocrx_word' id='word_1_422' title='bbox 1703 3447 1737 3504; x_wconf 89' lang='lat' dir='ltr'><strong>et</strong></span> <span class='ocrx_word' id='word_1_423' title='bbox 1751 3435 1917 3504; x_wconf 84' lang='lat' dir='ltr'><strong>virtutem</strong></span> <span class='ocrx_word' id='word_1_424' title='bbox 1934 3435 2117 3504; x_wconf 88' lang='lat' dir='ltr'><strong>excitatur.</strong></span> <span class='ocrx_word' id='word_1_425' title='bbox 2172 3431 2266 3503; x_wconf 84' lang='lat' dir='ltr'><strong>Haec</strong></span> 
     </span>
     <span class='ocr_line' id='line_1_33' title="bbox 334 3529 2264 3629; baseline -0.004 -17"><span class='ocrx_word' id='word_1_426' title='bbox 334 3539 443 3612; x_wconf 87' lang='lat' dir='ltr'><strong>Po&#39;e&#39;ta</strong></span> <span class='ocrx_word' id='word_1_427' title='bbox 459 3531 672 3604; x_wconf 84' lang='lat' dir='ltr'><strong>Theocritus</strong></span> <span class='ocrx_word' id='word_1_428' title='bbox 697 3529 839 3618; x_wconf 88' lang='lat' dir='ltr'><strong>scribit,</strong></span> <span class='ocrx_word' id='word_1_429' title='bbox 861 3531 969 3604; x_wconf 83' lang='lat' dir='ltr'><strong>luisse</strong></span> <span class='ocrx_word' id='word_1_430' title='bbox 992 3547 1167 3626; x_wconf 84' lang='lat' dir='ltr'><strong>pastorem</strong></span> <span class='ocrx_word' id='word_1_431' title='bbox 1185 3533 1222 3603; x_wconf 87' lang='lat' dir='ltr'><strong>in</strong></span> <span class='ocrx_word' id='word_1_432' title='bbox 1273 3539 1368 3610; x_wconf 90' lang='lat' dir='ltr'><strong>bona</strong></span> <span class='ocrx_word' id='word_1_433' title='bbox 1402 3560 1475 3606; x_wconf 90' lang='lat' dir='ltr'><strong>non</strong></span> <span class='ocrx_word' id='word_1_434' title='bbox 1503 3535 1657 3606; x_wconf 87' lang='lat' dir='ltr'><strong>afferunt</strong></span> <span class='ocrx_word' id='word_1_435' title='bbox 1687 3535 1770 3606; x_wconf 89' lang='lat' dir='ltr'><strong>illae</strong></span> <span class='ocrx_word' id='word_1_436' title='bbox 1801 3549 2032 3629; x_wconf 87' lang='lat' dir='ltr'><strong>quaestuosae</strong></span> <span class='ocrx_word' id='word_1_437' title='bbox 2049 3549 2178 3618; x_wconf 87' lang='lat' dir='ltr'><strong>artes,</strong></span> <span class='ocrx_word' id='word_1_438' title='bbox 2206 3535 2264 3603; x_wconf 88' lang='lat' dir='ltr'><strong>sed</strong></span> 
     </span>
     <span class='ocr_line' id='line_1_34' title="bbox 234 3635 2265 3735; baseline -0.004 -22"><span class='ocrx_word' id='word_1_439' title='bbox 234 3635 377 3728; x_wconf 86' lang='lat' dir='ltr'><strong>Sicilia,</strong></span> <span class='ocrx_word' id='word_1_440' title='bbox 403 3638 550 3709; x_wconf 88' lang='lat' dir='ltr'><strong>divitem</strong></span> <span class='ocrx_word' id='word_1_441' title='bbox 572 3649 677 3735; x_wconf 90' lang='lat' dir='ltr'><strong>atque</strong></span> <span class='ocrx_word' id='word_1_442' title='bbox 698 3659 865 3717; x_wconf 87' lang='lat' dir='ltr'><strong>avarum,</strong></span> <span class='ocrx_word' id='word_1_443' title='bbox 889 3635 946 3706; x_wconf 90' lang='lat' dir='ltr'><strong>cui</strong></span> <span class='ocrx_word' id='word_1_444' title='bbox 967 3635 1075 3708; x_wconf 83' lang='lat' dir='ltr'><strong>luerit</strong></span> <span class='ocrx_word' id='word_1_445' title='bbox 1092 3659 1225 3718; x_wconf 87' lang='lat' dir='ltr'><strong>servus,</strong></span> <span class='ocrx_word' id='word_1_446' title='bbox 1274 3639 1418 3734; x_wconf 86' lang='lat' dir='ltr'><strong>proprie</strong></span> <span class='ocrx_word' id='word_1_447' title='bbox 1436 3663 1477 3708; x_wconf 89' lang='lat' dir='ltr'><strong>ex</strong></span> <span class='ocrx_word' id='word_1_448' title='bbox 1495 3637 1566 3709; x_wconf 90' lang='grc'>1110</span> <span class='ocrx_word' id='word_1_449' title='bbox 1586 3661 1712 3728; x_wconf 82' lang='lat' dir='ltr'><strong>genere</strong></span> <span class='ocrx_word' id='word_1_450' title='bbox 1727 3637 1909 3708; x_wconf 88' lang='lat' dir='ltr'><strong>doctrinae</strong></span> <span class='ocrx_word' id='word_1_451' title='bbox 1927 3651 2032 3732; x_wconf 89' lang='lat' dir='ltr'><strong>atque</strong></span> <span class='ocrx_word' id='word_1_452' title='bbox 2055 3637 2191 3708; x_wconf 87' lang='lat' dir='ltr'><strong>artium</strong></span> <span class='ocrx_word' id='word_1_453' title='bbox 2206 3662 2265 3728; x_wconf 85' lang='lat' dir='ltr'><strong>pe-</strong></span> 
     </span>
     <span class='ocr_line' id='line_1_35' title="bbox 234 3731 2269 3837; baseline -0.005 -21"><span class='ocrx_word' id='word_1_454' title='bbox 234 3745 347 3837; x_wconf 90' lang='lat' dir='ltr'><strong>gregis</strong></span> <span class='ocrx_word' id='word_1_455' title='bbox 365 3755 502 3824; x_wconf 91' lang='lat' dir='ltr'><strong>custos,</strong></span> <span class='ocrx_word' id='word_1_456' title='bbox 528 3735 602 3806; x_wconf 90' lang='lat' dir='ltr'><strong>Pan</strong></span> <span class='ocrx_word' id='word_1_457' title='bbox 628 3735 822 3828; x_wconf 82' lang='lat' dir='ltr'><strong>quispiam,</strong></span> <span class='ocrx_word' id='word_1_458' title='bbox 847 3731 955 3808; x_wconf 93' lang='lat' dir='ltr'><strong>homo</strong></span> <span class='ocrx_word' id='word_1_459' title='bbox 980 3739 1060 3829; x_wconf 92' lang='lat' dir='ltr'><strong>pius</strong></span> <span class='ocrx_word' id='word_1_460' title='bbox 1081 3752 1116 3808; x_wconf 93' lang='lat' dir='ltr'><strong>et</strong></span> <span class='ocrx_word' id='word_1_461' title='bbox 1138 3735 1226 3808; x_wconf 89' lang='lat' dir='ltr'><strong>Mu-</strong></span> <span class='ocrx_word' id='word_1_462' title='bbox 1274 3746 1380 3815; x_wconf 86' lang='lat' dir='ltr'><strong>tenda</strong></span> <span class='ocrx_word' id='word_1_463' title='bbox 1404 3754 1495 3810; x_wconf 84' lang='lat' dir='ltr'><strong>suut.</strong></span> <span class='ocrx_word' id='word_1_464' title='bbox 1547 3737 1646 3830; x_wconf 88' lang='lat' dir='ltr'><strong>Quas</strong></span> <span class='ocrx_word' id='word_1_465' title='bbox 1669 3758 1786 3811; x_wconf 88' lang='lat' dir='ltr'><strong>autem</strong></span> <span class='ocrx_word' id='word_1_466' title='bbox 1807 3763 1909 3832; x_wconf 91' lang='lat' dir='ltr'><strong>opes,</strong></span> <span class='ocrx_word' id='word_1_467' title='bbox 1941 3763 2031 3834; x_wconf 90' lang='lat' dir='ltr'><strong>quae</strong></span> <span class='ocrx_word' id='word_1_468' title='bbox 2055 3763 2169 3828; x_wconf 90' lang='lat' dir='ltr'><strong>regna</strong></span> <span class='ocrx_word' id='word_1_469' title='bbox 2192 3739 2269 3808; x_wconf 91' lang='lat' dir='ltr'><strong>aui-</strong></span> 
     </span>
     <span class='ocr_line' id='line_1_36' title="bbox 235 3835 2271 3936; baseline -0.005 -17"><span class='ocrx_word' id='word_1_470' title='bbox 235 3871 353 3919; x_wconf 86' lang='lat' dir='ltr'><strong>sarum</strong></span> <span class='ocrx_word' id='word_1_471' title='bbox 383 3843 510 3914; x_wconf 90' lang='lat' dir='ltr'><strong>cultor.</strong></span> <span class='ocrx_word' id='word_1_472' title='bbox 547 3835 610 3908; x_wconf 73' lang='lat' dir='ltr'><strong>&#39;Et</strong></span> <span class='ocrx_word' id='word_1_473' title='bbox 630 3851 776 3930; x_wconf 90' lang='lat' dir='ltr'><strong>propter</strong></span> <span class='ocrx_word' id='word_1_474' title='bbox 805 3835 911 3908; x_wconf 90' lang='lat' dir='ltr'><strong>huius</strong></span> <span class='ocrx_word' id='word_1_475' title='bbox 943 3841 1107 3933; x_wconf 89' lang='lat' dir='ltr'><strong>pietatem</strong></span> <span class='ocrx_word' id='word_1_476' title='bbox 1130 3837 1226 3911; x_wconf 88' lang='lat' dir='ltr'><strong>Deus</strong></span> <span class='ocrx_word' id='word_1_477' title='bbox 1275 3869 1355 3914; x_wconf 92' lang='lat' dir='ltr'><strong>mus</strong></span> <span class='ocrx_word' id='word_1_478' title='bbox 1371 3843 1459 3912; x_wconf 65' lang='lat' dir='ltr'><strong>liene</strong></span> <span class='ocrx_word' id='word_1_479' title='bbox 1473 3841 1655 3912; x_wconf 87' lang='lat' dir='ltr'><strong>institutus</strong></span> <span class='ocrx_word' id='word_1_480' title='bbox 1669 3841 1780 3932; x_wconf 88' lang='lat' dir='ltr'><strong>magis</strong></span> <span class='ocrx_word' id='word_1_481' title='bbox 1794 3857 1940 3932; x_wconf 81' lang='lat' dir='ltr'><strong>expetet,</strong></span> <span class='ocrx_word' id='word_1_482' title='bbox 1959 3865 2067 3936; x_wconf 92' lang='lat' dir='ltr'><strong>quam</strong></span> <span class='ocrx_word' id='word_1_483' title='bbox 2085 3841 2149 3911; x_wconf 88' lang='lat' dir='ltr'><strong>illa</strong></span> <span class='ocrx_word' id='word_1_484' title='bbox 2161 3841 2271 3922; x_wconf 86' lang='lat' dir='ltr'><strong>hona,</strong></span> 
     </span>
     <span class='ocr_line' id='line_1_37' title="bbox 236 3939 2270 4042; baseline -0.004 -22"><span class='ocrx_word' id='word_1_485' title='bbox 236 3971 375 4040; x_wconf 85' lang='lat' dir='ltr'><strong>gregem</strong></span> <span class='ocrx_word' id='word_1_486' title='bbox 403 3945 568 4018; x_wconf 89' lang='lat' dir='ltr'><strong>tuebatur</strong></span> <span class='ocrx_word' id='word_1_487' title='bbox 598 3941 766 4012; x_wconf 88' lang='lat' dir='ltr'><strong>adversus</strong></span> <span class='ocrx_word' id='word_1_488' title='bbox 800 3955 915 4031; x_wconf 87' lang='lat' dir='ltr'><strong>pestes</strong></span> <span class='ocrx_word' id='word_1_489' title='bbox 941 3941 1058 4012; x_wconf 90' lang='lat' dir='ltr'><strong>omnis</strong></span> <span class='ocrx_word' id='word_1_490' title='bbox 1088 3941 1226 4032; x_wconf 89' lang='lat' dir='ltr'><strong>generis</strong></span> <span class='ocrx_word' id='word_1_491' title='bbox 1275 3972 1365 4042; x_wconf 89' lang='lat' dir='ltr'><strong>quae</strong></span> <span class='ocrx_word' id='word_1_492' title='bbox 1382 3945 1473 4026; x_wconf 89' lang='lat' dir='ltr'><strong>dixi,</strong></span> <span class='ocrx_word' id='word_1_493' title='bbox 1502 3939 1758 4014; x_wconf 89' lang='lat' dir='ltr'><strong>humanitatem</strong></span> <span class='ocrx_word' id='word_1_494' title='bbox 1775 3957 1809 4014; x_wconf 93' lang='lat' dir='ltr'><strong>et</strong></span> <span class='ocrx_word' id='word_1_495' title='bbox 1825 3945 2000 4026; x_wconf 86' lang='lat' dir='ltr'><strong>virtutem,</strong></span> <span class='ocrx_word' id='word_1_496' title='bbox 2027 3944 2164 4038; x_wconf 89' lang='lat' dir='ltr'><strong>quibus</strong></span> <span class='ocrx_word' id='word_1_497' title='bbox 2180 3939 2270 4012; x_wconf 91' lang='lat' dir='ltr'><strong>nihil</strong></span> 
     </span>
     <span class='ocr_line' id='line_1_38' title="bbox 237 4041 2271 4140; baseline -0.004 -19"><span class='ocrx_word' id='word_1_498' title='bbox 237 4051 392 4122; x_wconf 86' lang='lat' dir='ltr'><strong>exitiales</strong></span> <span class='ocrx_word' id='word_1_499' title='bbox 415 4044 620 4140; x_wconf 89' lang='lat' dir='ltr'><strong>pecudibus.</strong></span> <span class='ocrx_word' id='word_1_500' title='bbox 672 4041 813 4112; x_wconf 86' lang='lat' dir='ltr'><strong>Solebat</strong></span> <span class='ocrx_word' id='word_1_501' title='bbox 831 4057 948 4112; x_wconf 88' lang='lat' dir='ltr'><strong>autem</strong></span> <span class='ocrx_word' id='word_1_502' title='bbox 967 4043 1102 4114; x_wconf 89' lang='lat' dir='ltr'><strong>Pande</strong></span> <span class='ocrx_word' id='word_1_503' title='bbox 1124 4068 1226 4138; x_wconf 84' lang='lat' dir='ltr'><strong>grege</strong></span> <span class='ocrx_word' id='word_1_504' title='bbox 1277 4063 1329 4120; x_wconf 90' lang='lat' dir='ltr'><strong>est</strong></span> <span class='ocrx_word' id='word_1_505' title='bbox 1345 4047 1505 4136; x_wconf 85' lang='lat' dir='ltr'><strong>suavius,</strong></span> <span class='ocrx_word' id='word_1_506' title='bbox 1531 4041 1623 4114; x_wconf 91' lang='lat' dir='ltr'><strong>nihil</strong></span> <span class='ocrx_word' id='word_1_507' title='bbox 1638 4045 1787 4134; x_wconf 77' lang='lat' dir='ltr'><strong>gratius,</strong></span> <span class='ocrx_word' id='word_1_508' title='bbox 1812 4044 1842 4113; x_wconf 93' lang='lat' dir='ltr'><strong>si</strong></span> <span class='ocrx_word' id='word_1_509' title='bbox 1863 4043 1986 4114; x_wconf 82' lang='lat' dir='ltr'><strong>noris?</strong></span> <span class='ocrx_word' id='word_1_510' title='bbox 2006 4041 2136 4138; x_wconf 87' lang='lat' dir='ltr'><strong>Neque</strong></span> <span class='ocrx_word' id='word_1_511' title='bbox 2151 4059 2271 4115; x_wconf 88' lang='lat' dir='ltr'><strong>tomen</strong></span> 
     </span>
     <span class='ocr_line' id='line_1_39' title="bbox 237 4141 2274 4244; baseline -0.005 -20"><span class='ocrx_word' id='word_1_512' title='bbox 237 4153 385 4244; x_wconf 89' lang='lat' dir='ltr'><strong>singulis</strong></span> <span class='ocrx_word' id='word_1_513' title='bbox 407 4145 587 4217; x_wconf 83' lang='lat' dir='ltr'><strong>mensibus</strong></span> <span class='ocrx_word' id='word_1_514' title='bbox 610 4142 785 4214; x_wconf 84' lang='lat' dir='ltr'><strong>oviculam</strong></span> <span class='ocrx_word' id='word_1_515' title='bbox 810 4143 926 4214; x_wconf 90' lang='lat' dir='ltr'><strong>Musis</strong></span> <span class='ocrx_word' id='word_1_516' title='bbox 947 4148 1162 4233; x_wconf 88' lang='lat' dir='ltr'><strong>sacrificare,</strong></span> <span class='ocrx_word' id='word_1_517' title='bbox 1188 4161 1228 4216; x_wconf 88' lang='lat' dir='ltr'><strong>ut</strong></span> <span class='ocrx_word' id='word_1_518' title='bbox 1277 4164 1398 4222; x_wconf 90' lang='lat' dir='ltr'><strong>carent</strong></span> <span class='ocrx_word' id='word_1_519' title='bbox 1412 4147 1564 4218; x_wconf 84' lang='lat' dir='ltr'><strong>externis</strong></span> <span class='ocrx_word' id='word_1_520' title='bbox 1580 4147 1775 4217; x_wconf 91' lang='lat' dir='ltr'><strong>commodis</strong></span> <span class='ocrx_word' id='word_1_521' title='bbox 1790 4141 1877 4216; x_wconf 90' lang='lat' dir='ltr'><strong>hacc</strong></span> <span class='ocrx_word' id='word_1_522' title='bbox 1893 4147 2021 4218; x_wconf 83' lang='lat' dir='ltr'><strong>studia.</strong></span> <span class='ocrx_word' id='word_1_523' title='bbox 2074 4141 2274 4218; x_wconf 84' lang='lat' dir='ltr'><strong>Habebunt</strong></span> 
     </span>
     <span class='ocr_line' id='line_1_40' title="bbox 236 4245 2272 4349; baseline -0.005 -22"><span class='ocrx_word' id='word_1_524' title='bbox 236 4257 392 4349; x_wconf 90' lang='lat' dir='ltr'><strong>placatae</strong></span> <span class='ocrx_word' id='word_1_525' title='bbox 410 4264 443 4318; x_wconf 91' lang='lat' dir='ltr'><strong>et</strong></span> <span class='ocrx_word' id='word_1_526' title='bbox 459 4245 634 4340; x_wconf 89' lang='lat' dir='ltr'><strong>propitiae</strong></span> <span class='ocrx_word' id='word_1_527' title='bbox 647 4269 784 4336; x_wconf 90' lang='lat' dir='ltr'><strong>gregem</strong></span> <span class='ocrx_word' id='word_1_528' title='bbox 802 4262 995 4317; x_wconf 88' lang='lat' dir='ltr'><strong>tuerentur.</strong></span> <span class='ocrx_word' id='word_1_529' title='bbox 1278 4251 1381 4324; x_wconf 82' lang='lat' dir='ltr'><strong>etiam</strong></span> <span class='ocrx_word' id='word_1_530' title='bbox 1399 4249 1591 4320; x_wconf 87' lang='lat' dir='ltr'><strong>mediocria</strong></span> <span class='ocrx_word' id='word_1_531' title='bbox 1607 4249 1782 4342; x_wconf 89' lang='lat' dir='ltr'><strong>praemia,</strong></span> <span class='ocrx_word' id='word_1_532' title='bbox 1809 4261 1842 4318; x_wconf 92' lang='lat' dir='ltr'><strong>et</strong></span> <span class='ocrx_word' id='word_1_533' title='bbox 1861 4249 2051 4319; x_wconf 89' lang='lat' dir='ltr'><strong>modestiae</strong></span> <span class='ocrx_word' id='word_1_534' title='bbox 2066 4247 2272 4328; x_wconf 82' lang='lat' dir='ltr'><strong>suffectura.</strong></span> 
     </span>
     <span class='ocr_line' id='line_1_41' title="bbox 341 4343 2272 4444; baseline 0.001 -27"><span class='ocrx_word' id='word_1_535' title='bbox 341 4351 381 4424; x_wconf 85' lang='lat' dir='ltr'><strong>ld</strong></span> <span class='ocrx_word' id='word_1_536' title='bbox 399 4375 483 4421; x_wconf 84' lang='lat' dir='ltr'><strong>vero</strong></span> <span class='ocrx_word' id='word_1_537' title='bbox 506 4349 567 4418; x_wconf 92' lang='lat' dir='ltr'><strong>ubi</strong></span> <span class='ocrx_word' id='word_1_538' title='bbox 589 4349 730 4417; x_wconf 85' lang='lat' dir='ltr'><strong>rescivit</strong></span> <span class='ocrx_word' id='word_1_539' title='bbox 747 4343 854 4418; x_wconf 90' lang='lat' dir='ltr'><strong>herus</strong></span> <span class='ocrx_word' id='word_1_540' title='bbox 870 4349 1001 4440; x_wconf 92' lang='lat' dir='ltr'><strong>impius</strong></span> <span class='ocrx_word' id='word_1_541' title='bbox 1017 4367 1123 4443; x_wconf 88' lang='lat' dir='ltr'><strong>atque</strong></span> <span class='ocrx_word' id='word_1_542' title='bbox 1144 4375 1229 4418; x_wconf 74' lang='lat' dir='ltr'><strong>aaa·</strong></span> <span class='ocrx_word' id='word_1_543' title='bbox 1279 4353 1367 4426; x_wconf 85' lang='lat' dir='ltr'><strong>Nam</strong></span> <span class='ocrx_word' id='word_1_544' title='bbox 1394 4353 1424 4422; x_wconf 89' lang='lat' dir='ltr'><strong>si</strong></span> <span class='ocrx_word' id='word_1_545' title='bbox 1448 4352 1514 4421; x_wconf 91' lang='lat' dir='ltr'><strong>erit</strong></span> <span class='ocrx_word' id='word_1_546' title='bbox 1535 4351 1652 4444; x_wconf 90' lang='lat' dir='ltr'><strong>aliqua</strong></span> <span class='ocrx_word' id='word_1_547' title='bbox 1667 4351 1827 4442; x_wconf 86' lang='lat' dir='ltr'><strong>Respub.</strong></span> <span class='ocrx_word' id='word_1_548' title='bbox 1841 4349 2062 4442; x_wconf 88' lang='lat' dir='ltr'><strong>intelligetur</strong></span> <span class='ocrx_word' id='word_1_549' title='bbox 2078 4373 2139 4419; x_wconf 93' lang='lat' dir='ltr'><strong>eas</strong></span> <span class='ocrx_word' id='word_1_550' title='bbox 2160 4349 2272 4420; x_wconf 89' lang='lat' dir='ltr'><strong>teneri</strong></span> 
     </span>
     <span class='ocr_line' id='line_1_42' title="bbox 238 4447 2275 4546; baseline -0.005 -16"><span class='ocrx_word' id='word_1_551' title='bbox 238 4481 320 4542; x_wconf 91' lang='lat' dir='ltr'><strong>rus,</strong></span> <span class='ocrx_word' id='word_1_552' title='bbox 344 4469 397 4526; x_wconf 92' lang='lat' dir='ltr'><strong>tot</strong></span> <span class='ocrx_word' id='word_1_553' title='bbox 411 4450 556 4522; x_wconf 88' lang='lat' dir='ltr'><strong>mactari</strong></span> <span class='ocrx_word' id='word_1_554' title='bbox 572 4471 673 4530; x_wconf 87' lang='lat' dir='ltr'><strong>oves,</strong></span> <span class='ocrx_word' id='word_1_555' title='bbox 698 4473 772 4518; x_wconf 92' lang='lat' dir='ltr'><strong>non</strong></span> <span class='ocrx_word' id='word_1_556' title='bbox 786 4451 1078 4528; x_wconf 87' lang='lat' dir='ltr'><strong>dissimulandam</strong></span> <span class='ocrx_word' id='word_1_557' title='bbox 1092 4465 1228 4526; x_wconf 87' lang='lat' dir='ltr'><strong>tantam</strong></span> <span class='ocrx_word' id='word_1_558' title='bbox 1278 4480 1353 4525; x_wconf 91' lang='lat' dir='ltr'><strong>nou</strong></span> <span class='ocrx_word' id='word_1_559' title='bbox 1373 4479 1493 4546; x_wconf 89' lang='lat' dir='ltr'><strong>posse,</strong></span> <span class='ocrx_word' id='word_1_560' title='bbox 1515 4453 1593 4522; x_wconf 90' lang='lat' dir='ltr'><strong>sine</strong></span> <span class='ocrx_word' id='word_1_561' title='bbox 1614 4447 1976 4523; x_wconf 87' lang='lat' dir='ltr'><strong>hisnostrisartihus.</strong></span> <span class='ocrx_word' id='word_1_562' title='bbox 2030 4449 2156 4542; x_wconf 82' lang='lat' dir='ltr'><strong>Quare</strong></span> <span class='ocrx_word' id='word_1_563' title='bbox 2171 4475 2275 4544; x_wconf 84' lang='lat' dir='ltr'><strong>pree-</strong></span> 
     </span>
     <span class='ocr_line' id='line_1_43' title="bbox 238 4549 2275 4649; baseline -0.004 -18"><span class='ocrx_word' id='word_1_564' title='bbox 238 4563 409 4631; x_wconf 88' lang='lat' dir='ltr'><strong>iacturam</strong></span> <span class='ocrx_word' id='word_1_565' title='bbox 428 4553 651 4635; x_wconf 89' lang='lat' dir='ltr'><strong>existimans,</strong></span> <span class='ocrx_word' id='word_1_566' title='bbox 678 4553 874 4640; x_wconf 84' lang='lat' dir='ltr'><strong>expostulat</strong></span> <span class='ocrx_word' id='word_1_567' title='bbox 898 4579 976 4623; x_wconf 93' lang='lat' dir='ltr'><strong>cum</strong></span> <span class='ocrx_word' id='word_1_568' title='bbox 994 4579 1108 4624; x_wconf 83' lang='lat' dir='ltr'><strong>servo.</strong></span> <span class='ocrx_word' id='word_1_569' title='bbox 1159 4552 1229 4624; x_wconf 87' lang='lat' dir='ltr'><strong>Hic</strong></span> <span class='ocrx_word' id='word_1_570' title='bbox 1280 4557 1349 4626; x_wconf 88' lang='lat' dir='ltr'><strong>mia</strong></span> <span class='ocrx_word' id='word_1_571' title='bbox 1368 4557 1517 4649; x_wconf 91' lang='lat' dir='ltr'><strong>proponi</strong></span> <span class='ocrx_word' id='word_1_572' title='bbox 1536 4577 1674 4624; x_wconf 86' lang='lat' dir='ltr'><strong>necesse</strong></span> <span class='ocrx_word' id='word_1_573' title='bbox 1690 4555 1768 4628; x_wconf 81' lang='lat' dir='ltr'><strong>erit.</strong></span> <span class='ocrx_word' id='word_1_574' title='bbox 1816 4549 1952 4624; x_wconf 87' lang='lat' dir='ltr'><strong>Errant</strong></span> <span class='ocrx_word' id='word_1_575' title='bbox 1968 4553 2064 4623; x_wconf 91' lang='lat' dir='ltr'><strong>enim</strong></span> <span class='ocrx_word' id='word_1_576' title='bbox 2089 4553 2275 4638; x_wconf 91' lang='lat' dir='ltr'><strong>nonnulli,</strong></span> 
     </span>
     <span class='ocr_line' id='line_1_44' title="bbox 239 4653 2276 4754; baseline -0.003 -22"><span class='ocrx_word' id='word_1_577' title='bbox 239 4661 384 4753; x_wconf 85' lang='lat' dir='ltr'><strong>exponit</strong></span> <span class='ocrx_word' id='word_1_578' title='bbox 407 4656 462 4726; x_wconf 87' lang='lat' dir='ltr'><strong>sui</strong></span> <span class='ocrx_word' id='word_1_579' title='bbox 481 4653 623 4728; x_wconf 88' lang='lat' dir='ltr'><strong>consilii</strong></span> <span class='ocrx_word' id='word_1_580' title='bbox 644 4675 806 4739; x_wconf 88' lang='lat' dir='ltr'><strong>causam,</strong></span> <span class='ocrx_word' id='word_1_581' title='bbox 830 4657 932 4725; x_wconf 89' lang='lat' dir='ltr'><strong>docet</strong></span> <span class='ocrx_word' id='word_1_582' title='bbox 953 4659 1043 4726; x_wconf 91' lang='lat' dir='ltr'><strong>bene</strong></span> <span class='ocrx_word' id='word_1_583' title='bbox 1064 4655 1230 4725; x_wconf 90' lang='lat' dir='ltr'><strong>collocari</strong></span> <span class='ocrx_word' id='word_1_584' title='bbox 1280 4657 1342 4754; x_wconf 92' lang='lat' dir='ltr'><strong>qui</strong></span> <span class='ocrx_word' id='word_1_585' title='bbox 1358 4659 1423 4729; x_wconf 86' lang='lat' dir='ltr'><strong>uui</strong></span> <span class='ocrx_word' id='word_1_586' title='bbox 1444 4671 1581 4728; x_wconf 93' lang='lat' dir='ltr'><strong>tantum</strong></span> <span class='ocrx_word' id='word_1_587' title='bbox 1602 4657 1669 4726; x_wconf 92' lang='lat' dir='ltr'><strong>arti</strong></span> <span class='ocrx_word' id='word_1_588' title='bbox 1695 4656 1811 4725; x_wconf 91' lang='lat' dir='ltr'><strong>locum</strong></span> <span class='ocrx_word' id='word_1_589' title='bbox 1833 4655 1871 4723; x_wconf 92' lang='lat' dir='ltr'><strong>in</strong></span> <span class='ocrx_word' id='word_1_590' title='bbox 1893 4656 2035 4726; x_wconf 88' lang='lat' dir='ltr'><strong>civitate</strong></span> <span class='ocrx_word' id='word_1_591' title='bbox 2059 4658 2276 4738; x_wconf 90' lang='lat' dir='ltr'><strong>concedunt,</strong></span> 
     </span>
     <span class='ocr_line' id='line_1_45' title="bbox 239 4749 2277 4854; baseline -0.003 -21"><span class='ocrx_word' id='word_1_592' title='bbox 239 4759 476 4834; x_wconf 86' lang='lat' dir='ltr'><strong>hocolficium</strong></span> <span class='ocrx_word' id='word_1_593' title='bbox 493 4757 532 4827; x_wconf 91' lang='lat' dir='ltr'><strong>in</strong></span> <span class='ocrx_word' id='word_1_594' title='bbox 548 4754 663 4840; x_wconf 89' lang='lat' dir='ltr'><strong>Deos,</strong></span> <span class='ocrx_word' id='word_1_595' title='bbox 689 4755 751 4848; x_wconf 90' lang='lat' dir='ltr'><strong>qui</strong></span> <span class='ocrx_word' id='word_1_596' title='bbox 771 4777 910 4852; x_wconf 89' lang='lat' dir='ltr'><strong>gregem</strong></span> <span class='ocrx_word' id='word_1_597' title='bbox 935 4751 1106 4828; x_wconf 89' lang='lat' dir='ltr'><strong>hactenus</strong></span> <span class='ocrx_word' id='word_1_598' title='bbox 1125 4757 1230 4828; x_wconf 89' lang='lat' dir='ltr'><strong>locli-</strong></span> <span class='ocrx_word' id='word_1_599' title='bbox 1280 4760 1436 4854; x_wconf 87' lang='lat' dir='ltr'><strong>reliquas</strong></span> <span class='ocrx_word' id='word_1_600' title='bbox 1468 4769 1611 4843; x_wconf 90' lang='lat' dir='ltr'><strong>omnes,</strong></span> <span class='ocrx_word' id='word_1_601' title='bbox 1653 4751 1887 4848; x_wconf 90' lang='lat' dir='ltr'><strong>Theologiam</strong></span> <span class='ocrx_word' id='word_1_602' title='bbox 1920 4770 1957 4828; x_wconf 87' lang='lat' dir='ltr'><strong>et</strong></span> <span class='ocrx_word' id='word_1_603' title='bbox 1989 4749 2277 4850; x_wconf 89' lang='lat' dir='ltr'><strong>Philosophiam,</strong></span> 
     </span>
     <span class='ocr_line' id='line_1_46' title="bbox 241 4855 2276 4954; baseline -0.002 -20"><span class='ocrx_word' id='word_1_604' title='bbox 241 4867 327 4935; x_wconf 90' lang='lat' dir='ltr'><strong>citer</strong></span> <span class='ocrx_word' id='word_1_605' title='bbox 348 4857 598 4940; x_wconf 88' lang='lat' dir='ltr'><strong>custodierint,</strong></span> <span class='ocrx_word' id='word_1_606' title='bbox 624 4857 780 4928; x_wconf 90' lang='lat' dir='ltr'><strong>ostendit</strong></span> <span class='ocrx_word' id='word_1_607' title='bbox 803 4861 957 4952; x_wconf 91' lang='lat' dir='ltr'><strong>praemia</strong></span> <span class='ocrx_word' id='word_1_608' title='bbox 982 4861 1134 4931; x_wconf 90' lang='lat' dir='ltr'><strong>maxima</strong></span> <span class='ocrx_word' id='word_1_609' title='bbox 1156 4860 1232 4954; x_wconf 89' lang='lat' dir='ltr'><strong>pie·</strong></span> <span class='ocrx_word' id='word_1_610' title='bbox 1280 4887 1358 4932; x_wconf 94' lang='lat' dir='ltr'><strong>non</strong></span> <span class='ocrx_word' id='word_1_611' title='bbox 1372 4863 1475 4932; x_wconf 89' lang='lat' dir='ltr'><strong>aliter</strong></span> <span class='ocrx_word' id='word_1_612' title='bbox 1496 4859 1636 4932; x_wconf 89' lang='lat' dir='ltr'><strong>civitate</strong></span> <span class='ocrx_word' id='word_1_613' title='bbox 1658 4859 1817 4952; x_wconf 88' lang='lat' dir='ltr'><strong>pellunt,</strong></span> <span class='ocrx_word' id='word_1_614' title='bbox 1841 4883 1881 4928; x_wconf 88' lang='lat' dir='ltr'><strong>ac</strong></span> <span class='ocrx_word' id='word_1_615' title='bbox 1896 4855 1999 4929; x_wconf 93' lang='lat' dir='ltr'><strong>Plato</strong></span> <span class='ocrx_word' id='word_1_616' title='bbox 2015 4857 2147 4934; x_wconf 80' lang='lat' dir='ltr'><strong>Poetas</strong></span> <span class='ocrx_word' id='word_1_617' title='bbox 2169 4859 2276 4932; x_wconf 80' lang='grc'>111111.</span> 
     </span>
     <span class='ocr_line' id='line_1_47' title="bbox 239 4957 2276 5058; baseline -0.005 -18"><span class='ocrx_word' id='word_1_618' title='bbox 239 4965 304 5040; x_wconf 89' lang='lat' dir='ltr'><strong>tati</strong></span> <span class='ocrx_word' id='word_1_619' title='bbox 321 4961 498 5058; x_wconf 89' lang='lat' dir='ltr'><strong>proposita</strong></span> <span class='ocrx_word' id='word_1_620' title='bbox 515 4982 599 5030; x_wconf 83' lang='lat' dir='ltr'><strong>esse.</strong></span> <span class='ocrx_word' id='word_1_621' title='bbox 898 5025 905 5032; x_wconf 96' lang='lat'>.</span> <span class='ocrx_word' id='word_1_622' title='bbox 1282 4963 1354 5036; x_wconf 90' lang='lat' dir='ltr'><strong>Sed</strong></span> <span class='ocrx_word' id='word_1_623' title='bbox 1371 4961 1579 5036; x_wconf 82' lang='lat' dir='ltr'><strong>Aristoteles</strong></span> <span class='ocrx_word' id='word_1_624' title='bbox 1594 4961 1849 5052; x_wconf 85' lang='lat' dir='ltr'><strong>sapientissime</strong></span> <span class='ocrx_word' id='word_1_625' title='bbox 1866 4960 1967 5046; x_wconf 88' lang='lat' dir='ltr'><strong>dixit,</strong></span> <span class='ocrx_word' id='word_1_626' title='bbox 1992 4957 2276 5032; x_wconf 73' lang='grc' dir='ltr'>1101111τὶ1111-</span> 
     </span>
     <span class='ocr_line' id='line_1_48' title="bbox 343 5055 2275 5150; baseline -0.002 -15"><span class='ocrx_word' id='word_1_627' title='bbox 343 5065 408 5136; x_wconf 89' lang='lat' dir='ltr'><strong>llle</strong></span> <span class='ocrx_word' id='word_1_628' title='bbox 423 5085 543 5131; x_wconf 89' lang='lat' dir='ltr'><strong>secure</strong></span> <span class='ocrx_word' id='word_1_629' title='bbox 563 5059 683 5129; x_wconf 85' lang='lat' dir='ltr'><strong>ridens</strong></span> <span class='ocrx_word' id='word_1_630' title='bbox 699 5055 793 5130; x_wconf 91' lang='lat' dir='ltr'><strong>Deos</strong></span> <span class='ocrx_word' id='word_1_631' title='bbox 810 5085 850 5132; x_wconf 91' lang='lat' dir='ltr'><strong>ac</strong></span> <span class='ocrx_word' id='word_1_632' title='bbox 866 5061 988 5134; x_wconf 90' lang='lat' dir='ltr'><strong>divina</strong></span> <span class='ocrx_word' id='word_1_633' title='bbox 1003 5065 1142 5150; x_wconf 87' lang='lat' dir='ltr'><strong>omnia,</strong></span> <span class='ocrx_word' id='word_1_634' title='bbox 1168 5089 1233 5134; x_wconf 91' lang='lat' dir='ltr'><strong>ne·</strong></span> <span class='ocrx_word' id='word_1_635' title='bbox 1261 5065 1262 5068; x_wconf 61' lang='grc'>’</span> <span class='ocrx_word' id='word_1_636' title='bbox 1282 5079 1389 5137; x_wconf 90' lang='lat' dir='ltr'><strong>tatem</strong></span> <span class='ocrx_word' id='word_1_637' title='bbox 1421 5090 1461 5134; x_wconf 91' lang='lat' dir='ltr'><strong>ex</strong></span> <span class='ocrx_word' id='word_1_638' title='bbox 1484 5061 1628 5136; x_wconf 87' lang='lat' dir='ltr'><strong>Medico</strong></span> <span class='ocrx_word' id='word_1_639' title='bbox 1660 5075 1693 5134; x_wconf 91' lang='lat' dir='ltr'><strong>et</strong></span> <span class='ocrx_word' id='word_1_640' title='bbox 1716 5059 1878 5148; x_wconf 90' lang='lat' dir='ltr'><strong>Medico,</strong></span> <span class='ocrx_word' id='word_1_641' title='bbox 1917 5063 1978 5132; x_wconf 89' lang='lat' dir='ltr'><strong>sed</strong></span> <span class='ocrx_word' id='word_1_642' title='bbox 2005 5085 2047 5130; x_wconf 92' lang='lat' dir='ltr'><strong>ex</strong></span> <span class='ocrx_word' id='word_1_643' title='bbox 2069 5057 2220 5134; x_wconf 90' lang='lat' dir='ltr'><strong>Medico</strong></span> <span class='ocrx_word' id='word_1_644' title='bbox 2245 5077 2275 5132; x_wconf 90' lang='lat' dir='ltr'><strong>et</strong></span> 
     </span>
     <span class='ocr_line' id='line_1_49' title="bbox 240 5161 2273 5260; baseline -0.003 -21"><span class='ocrx_word' id='word_1_645' title='bbox 240 5185 300 5260; x_wconf 90' lang='lat' dir='ltr'><strong>gat</strong></span> <span class='ocrx_word' id='word_1_646' title='bbox 319 5167 387 5237; x_wconf 90' lang='lat' dir='ltr'><strong>sibi</strong></span> <span class='ocrx_word' id='word_1_647' title='bbox 410 5165 498 5236; x_wconf 88' lang='lat' dir='ltr'><strong>tanti</strong></span> <span class='ocrx_word' id='word_1_648' title='bbox 524 5185 598 5232; x_wconf 84' lang='lat' dir='ltr'><strong>esse</strong></span> <span class='ocrx_word' id='word_1_649' title='bbox 625 5163 814 5254; x_wconf 80' lang='lat' dir='ltr'><strong>religiones</strong></span> <span class='ocrx_word' id='word_1_650' title='bbox 843 5164 953 5251; x_wconf 84' lang='lat' dir='ltr'><strong>ullas,</strong></span> <span class='ocrx_word' id='word_1_651' title='bbox 985 5179 1026 5236; x_wconf 92' lang='lat' dir='ltr'><strong>ut</strong></span> <span class='ocrx_word' id='word_1_652' title='bbox 1049 5179 1232 5260; x_wconf 88' lang='lat' dir='ltr'><strong>propterea</strong></span> <span class='ocrx_word' id='word_1_653' title='bbox 1283 5165 1467 5258; x_wconf 84' lang='lat' dir='ltr'><strong>Agricola,</strong></span> <span class='ocrx_word' id='word_1_654' title='bbox 1500 5161 1567 5236; x_wconf 92' lang='lat' dir='ltr'><strong>hoc</strong></span> <span class='ocrx_word' id='word_1_655' title='bbox 1595 5177 1667 5250; x_wconf 88' lang='lat' dir='ltr'><strong>cst,</strong></span> <span class='ocrx_word' id='word_1_656' title='bbox 1699 5165 1849 5236; x_wconf 88' lang='lat' dir='ltr'><strong>diversis</strong></span> <span class='ocrx_word' id='word_1_657' title='bbox 1877 5187 1916 5236; x_wconf 89' lang='lat' dir='ltr'><strong>ac</strong></span> <span class='ocrx_word' id='word_1_658' title='bbox 1947 5163 2113 5256; x_wconf 86' lang='lat' dir='ltr'><strong>pluribus</strong></span> <span class='ocrx_word' id='word_1_659' title='bbox 2138 5165 2273 5236; x_wconf 86' lang='lat' dir='ltr'><strong>artibus</strong></span> 
     </span>
     <span class='ocr_line' id='line_1_50' title="bbox 240 5261 2276 5364; baseline -0.003 -24"><span class='ocrx_word' id='word_1_660' title='bbox 240 5295 341 5364; x_wconf 80' lang='lat' dir='ltr'><strong>egere</strong></span> <span class='ocrx_word' id='word_1_661' title='bbox 358 5283 390 5338; x_wconf 89' lang='lat' dir='ltr'><strong>et</strong></span> <span class='ocrx_word' id='word_1_662' title='bbox 413 5265 546 5336; x_wconf 89' lang='lat' dir='ltr'><strong>esurire</strong></span> <span class='ocrx_word' id='word_1_663' title='bbox 563 5263 658 5336; x_wconf 81' lang='lat' dir='ltr'><strong>velit.</strong></span> <span class='ocrx_word' id='word_1_664' title='bbox 710 5261 764 5336; x_wconf 87' lang='lat' dir='ltr'><strong>Ac</strong></span> <span class='ocrx_word' id='word_1_665' title='bbox 780 5267 939 5336; x_wconf 87' lang='lat' dir='ltr'><strong>deservo</strong></span> <span class='ocrx_word' id='word_1_666' title='bbox 956 5267 1003 5338; x_wconf 90' lang='lat' dir='ltr'><strong>ait</strong></span> <span class='ocrx_word' id='word_1_667' title='bbox 1020 5283 1238 5362; x_wconf 79' lang='lat' dir='ltr'><strong>sesumptu-&#39;</strong></span> <span class='ocrx_word' id='word_1_668' title='bbox 1284 5291 1372 5359; x_wconf 89' lang='lat' dir='ltr'><strong>opus</strong></span> <span class='ocrx_word' id='word_1_669' title='bbox 1397 5293 1483 5357; x_wconf 64' lang='lat' dir='ltr'><strong>esse,</strong></span> <span class='ocrx_word' id='word_1_670' title='bbox 1532 5263 1610 5336; x_wconf 92' lang='lat' dir='ltr'><strong>Hoc</strong></span> <span class='ocrx_word' id='word_1_671' title='bbox 1632 5280 1791 5359; x_wconf 89' lang='lat' dir='ltr'><strong>tempore</strong></span> <span class='ocrx_word' id='word_1_672' title='bbox 1815 5291 1898 5338; x_wconf 88' lang='lat' dir='ltr'><strong>sane</strong></span> <span class='ocrx_word' id='word_1_673' title='bbox 1915 5267 2004 5336; x_wconf 89' lang='lat' dir='ltr'><strong>dura</strong></span> <span class='ocrx_word' id='word_1_674' title='bbox 2026 5267 2177 5336; x_wconf 82' lang='lat' dir='ltr'><strong>fortuna</strong></span> <span class='ocrx_word' id='word_1_675' title='bbox 2195 5291 2276 5336; x_wconf 90' lang='lat' dir='ltr'><strong>con·</strong></span> 
     </span>
     <span class='ocr_line' id='line_1_51' title="bbox 236 5364 2329 5462; baseline -0.003 -17"><span class='ocrx_word' id='word_1_676' title='bbox 236 5371 322 5445; x_wconf 75' lang='lat' dir='ltr'><strong>rum</strong></span> <span class='ocrx_word' id='word_1_677' title='bbox 346 5394 417 5442; x_wconf 90' lang='lat' dir='ltr'><strong>csse</strong></span> <span class='ocrx_word' id='word_1_678' title='bbox 440 5364 677 5460; x_wconf 88' lang='lat' dir='ltr'><strong>supplicium,</strong></span> <span class='ocrx_word' id='word_1_679' title='bbox 712 5365 795 5462; x_wconf 88' lang='lat' dir='ltr'><strong>quia</strong></span> <span class='ocrx_word' id='word_1_680' title='bbox 811 5367 981 5440; x_wconf 91' lang='lat' dir='ltr'><strong>damnum</strong></span> <span class='ocrx_word' id='word_1_681' title='bbox 1007 5371 1136 5442; x_wconf 91' lang='lat' dir='ltr'><strong>sarcire</strong></span> <span class='ocrx_word' id='word_1_682' title='bbox 1159 5396 1233 5441; x_wconf 93' lang='lat' dir='ltr'><strong>non</strong></span> <span class='ocrx_word' id='word_1_683' title='bbox 1283 5372 1460 5442; x_wconf 86' lang='lat' dir='ltr'><strong>flictamur</strong></span> <span class='ocrx_word' id='word_1_684' title='bbox 1494 5367 1643 5439; x_wconf 89' lang='lat' dir='ltr'><strong>studiosi</strong></span> <span class='ocrx_word' id='word_1_685' title='bbox 1675 5393 1818 5456; x_wconf 92' lang='lat' dir='ltr'><strong>omnes,</strong></span> <span class='ocrx_word' id='word_1_686' title='bbox 1858 5394 1898 5439; x_wconf 91' lang='lat' dir='ltr'><strong>ac</strong></span> <span class='ocrx_word' id='word_1_687' title='bbox 1934 5367 2030 5440; x_wconf 89' lang='lat' dir='ltr'><strong>velut</strong></span> <span class='ocrx_word' id='word_1_688' title='bbox 2055 5367 2119 5438; x_wconf 87' lang='lat' dir='ltr'><strong>ille</strong></span> <span class='ocrx_word' id='word_1_689' title='bbox 2146 5389 2278 5450; x_wconf 72' lang='grc'>1111111,</span> <span class='ocrx_word' id='word_1_690' title='bbox 2328 5453 2329 5456; x_wconf 10' lang='lat'>¹</span> 
     </span>
    </p>
   </div>
   <div class='ocr_carea' id='block_1_3' title="bbox 0 0 2380 6164">
    <p class='ocr_par' dir='ltr' id='par_1_3' title="bbox 0 0 2380 6164">
     <span class='ocr_line' id='line_1_52' title="bbox 0 0 2380 6164; baseline 0 0"><span class='ocrx_word' id='word_1_691' title='bbox 0 0 2380 6164; x_wconf 95' lang='lat' dir='ltr'><strong> </strong></span> 
     </span>
    </p>
   </div>
  </div>
 </body>
</html>
