4666 6170
227 283 303 360 ess
590 262 846 358 scotera
877 267 965 362 au.
987 271 1186 364 vlrau
1217 285 1293 364 or
1325 279 1898 396 demonstratura,
2187 309 2265 384 ers

100 503 105 510 ·
231 471 307 543 ret,
332 473 415 526 nant
433 469 513 548 post
529 455 688 528 medinm
705 449 814 526 huius
831 479 1061 553 paroxysmus
1082 459 1220 533 febrilis
1255 479 1343 540 tur.
1395 463 1497 540 Nihil
1522 494 1608 542 vero
1632 471 1694 542 ille
1710 475 1779 545 sibi
1794 477 1914 550 miuus
1931 503 2076 571 parcere
2095 503 2201 574 quam
2229 479 2261 550 si

230 561 401 638 recurrit,
430 572 464 628 et
480 581 584 628 mane
600 553 688 628 hora
703 557 826 650 quinta
843 581 912 652 qua
929 564 1220 652 surgebatdecli-
1270 568 1463 640 rectissime
1487 573 1637 660 valeret,
1671 600 1753 646 cum
1775 579 1877 650 nullo
1908 603 2068 675 unquam
2101 595 2261 673 tempore

230 662 331 733 ustio
358 656 472 730 huius
498 661 684 730 manifeste
715 653 1067 751 deprehendebatur,
1101 663 1220 761 itaque
1270 671 1381 760 magis
1404 673 1435 740 ei
1460 674 1577 766 quiete
1602 701 1692 766 opus
1715 679 1843 765 fuerit,
1897 681 2019 777 ltaque
2036 707 2116 754 curn
2133 686 2259 752 eadem

229 779 307 835 tum
331 785 442 853 gener
456 762 614 832 medicus
636 785 715 830 eum
739 763 864 830 docere
879 764 1013 834 febrem
1031 789 1123 855 esse,
1146 793 1219 838 non
1271 771 1329 840 die
1352 775 1457 844 certis
1479 777 1523 844 de
1545 777 1659 847 causis
1683 779 1853 851 Senatum
1871 783 2083 856 Academiae
2102 787 2170 856 sub
2192 781 2262 855 ho-

231 880 371 936 tantum
388 859 512 933 calculi
529 865 803 933 commotionem
825 865 950 957 etipse
972 867 1076 936 etiam
1096 893 1219 960 aegro-
1270 895 1345 942 ram
1364 873 1446 950 Xll.
1461 896 1692 950 convocatum
1708 905 1781 952 esse
1798 889 2036 978 cognovisset,
2062 911 2107 957 ue
2123 888 2197 958 ulla
2221 888 2261 958 in

231 983 288 1039 tus
301 969 393 1036 idem
410 966 566 1035 iudicare
583 977 618 1036 et
634 965 774 1038 sentire.
826 964 885 1070 ¹Sic
902 967 1011 1056 igitur
1027 979 1102 1039 tum
1119 974 1220 1063 agni·
1271 989 1368 1066 parte
1389 978 1523 1048 deesset
1547 983 1652 1051 rebus
1674 985 1846 1074 publicis,
1873 989 1912 1057 in
1930 990 2120 1060 corrsilium
2136 990 2261 1081 publi-

232 1083 290 1140 tus
313 1069 460 1138 morbus
484 1068 570 1152 fuit,
596 1080 630 1136 et
648 1067 750 1137 finito
773 1068 879 1157 paulo
907 1084 986 1160 post
1011 1095 1218 1168 paroxysmo
1270 1101 1350 1146 cum
1367 1081 1465 1150 venit
1489 1083 1637 1176 etipse,
1663 1108 1739 1155 nou
1760 1101 1897 1160 tantum
1917 1113 1992 1160 non
2008 1103 2171 1173 vocatus,
2197 1093 2261 1162 sed

233 1169 301 1241 hoc
317 1171 427 1240 altero
444 1171 501 1238 die
518 1169 578 1240 illa
596 1193 686 1264 quae
704 1167 1016 1262 eratNonaApilis
1032 1175 1122 1259 et‚V.
1136 1177 1220 1247 fdus
1270 1193 1391 1250 oratus
1413 1181 1518 1252 etiam
1540 1197 1581 1255 ut
1594 1187 1704 1280 quieti
1726 1211 1809 1259 suae
1825 1193 2042 1279 consuleret,
2092 1189 2261 1264 Praeser-

232 1275 352 1342 minus
370 1272 463 1342 male
482 1267 612 1342 habere
628 1273 742 1356 visus,
769 1295 848 1340 cum
867 1273 1072 1344 usitatarum
1093 1303 1218 1370 opera·
1271 1281 1335 1350 tim
1357 1305 1439 1352 cum
1462 1289 1602 1375 negotia
1624 1304 1740 1361 essent
1762 1295 1807 1362 de
1826 1295 1957 1388 quibus
1974 1309 2134 1386 ageretur
2146 1295 2262 1364 mini·

109 1423 112 1429 -
232 1401 313 1444 rum
330 1399 473 1446 suarum
487 1370 581 1442 nihil
595 1373 868 1457 intermittebat,
894 1389 933 1444 ut
947 1373 1024 1469 et')
1040 1381 1219 1472 sequenti·
1271 1405 1326 1451 me
1349 1383 1494 1476 quidam
1515 1389 1576 1458 illa
1602 1396 1878 1480 contemnenda,
1906 1419 1980 1465 non
2014 1411 2131 1468 tamen
2166 1398 2264 1469 eius-

46 4981 54 5036 *
80 5064 89 5081 ,
212 5021 247 5078 et
268 5011 403 5080 febrem
428 5035 502 5082 esse
523 5027 558 5092 et
579 5015 768 5084 tertianam
799 5017 953 5103 febrem,
985 5019 1144 5088 medicus
1171 5025 1202 5092 ei

218 1482 299 1546 ‘bus
333 1479 444 1546 ferme
478 1476 635 1570 quinque
671 1476 839 1566 proximis
873 1477 998 1547 diebus
1028 1483 1219 1568 continuis,
1270 1485 1369 1556 modi
1397 1502 1542 1578 propter
1571 1517 1660 1586 quae
1692 1493 1741 1564 ita
1771 1498 1954 1590 defatigari
1977 1500 2262 1570 tantum'virum

204 1593 308 1650 ”tum
335 1579 373 1646 in
391 1573 571 1649 Chronico
594 1579 780 1659 dictando,
807 1577 907 1646 cuius
931 1584 1122 1651 secundem
1138 1608 1219 1675 par·
1270 1583 1386 1677 (abest
1408 1592 1503 1658 enim
1532 1595 1764 1666 consiliorum
1786 1599 1886 1670 locus
1907 1601 1953 1671 ab
1976 1601 2124 1672 aedibus
2147 1601 2264 1694 ipsius

233 1695 304 1752 tem
322 1667 522 1749 absolverat
533 1683 700 1771 perducta
719 1676 865 1748 historia
890 1681 934 1750 ab
959 1682 1072 1754 initiis
1092 1688 1219 1754 mundi
1270 1689 1457 1761 intervallo
1473 1715 1547 1762 non
1563 1694 1690 1793 parvo)
1705 1713 1740 1770 et
1754 1700 1816 1770 tali
1836 1713 1994 1793 tempore
2013 1725 2095 1790 suo,
2109 1721 2263 1774 'necesse

233 1805 344 1876 usque
368 1785 410 1850 ad
435 1779 601 1852 Car-olum
622 1780 814 1870 Magnum,
841 1776 927 1850 hora
950 1785 1131 1878 ordinaria
1156 1811 1217 1858 sua
1270 1803 1377 1876 esset,
1402 1797 1501 1885 quod
1519 1778 1549 1864 si
1565 1799 1771 1887 gravissima
1792 1802 1895 1872 etiam
1912 1805 2081 1888 fuissent,
2106 1807 2261 1876 consilio

233 1887 417 1974 pergebat,
453 1897 486 1954 et
523 1907 562 1952 ex
593 1883 839 1984 nptationibus
863 1886 1120 1994 recentioribus
1141 1887 1218 1961 Ro·
1268 1904 1386 1962 tamen
1402 1895 1478 1966 eius
1493 1898 1571 1968 aliis
1583 1902 1699 1971 modis
1715 1925 1771 1972 res
1793 1898 1999 1978 scholastica
2022 1909 2094 1978 frui
2119 1909 2260 1999 potuis-

232 1987 332 2055 landi
364 1963 582 2076 epitaphium
615 1985 709 2053 iuter
743 1998 876 2054 caetera
910 1993 1219 2077 commemorabat,
1269 2007 1331 2066 set.
1383 1993 1453 2066 Sed
1472 2012 1511 2069 ut
1524 1996 1674 2072 antehac
1691 2028 1829 2096 semper
1845 2007 1883 2076 in
1901 2021 1974 2080 tota
1992 2011 2084 2096 vita,
2108 2009 2157 2082 ita
2179 2024 2258 2082 turn

209 2089 332 2159 *cuius
351 2110 471 2156 versus
485 2102 525 2157 ut
540 2101 661 2176 eaptus
682 2088 750 2156 fuit
772 2087 917 2156 illorum
933 2101 1134 2181 temporum
1156 2117 1219 2163 ne·
1269 2094 1336 2164 sibi
1361 2097 1467 2167 etiam
1490 2123 1564 2171 non
1588 2107 1762 2195 pepercit,
1796 2121 1831 2180 et
1852 2109 1890 2178 iu
1913 2111 1974 2181 illa
2006 2113 2255 2198 invalitudine,

232 2213 409 2284 quaquam
425 2189 695 2274 contemnendi,
720 2179 846 2268 πάθος
870 2185 1003 2262 habent
1025 2195 1164 2282 elegans
1186 2209 1220 2265 et
1269 2209 1303 2266 et
1317 2197 1432 2268 vicina
1448 2203 1555 2273 morti
1574 2205 1629 2274 vel
1645 2201 1729 2278 huic
1746 2211 1864 2300 potius
1882 2214 2043 2304 proxima
2066 2215 2255 2285 imbecilli·

231 2292 352 2384 pium,
379 2304 418 2360 ut
434 2285 500 2360 hac
522 2293 567 2359 de
584 2315 687 2360 causa
710 2293 901 2360 admodum
926 2291 958 2361 ei
980 2293 1118 2385 placere
1139 2298 1218 2367 aui·
1268 2312 1339 2369 tate
1356 2321 1438 2387 sua,
1461 2325 1498 2372 se
1513 2317 1681 2400 tanquam
1698 2326 1790 2382 recte
1807 2314 1946 2384 valente
1962 2339 2045 2387 usus
2069 2331 2121 2388 est
2146 2341 2256 2410 quam

231 2397 557 2477 madvertereritur,
584 2393 646 2485 qui
662 2393 713 2462 sic
728 2393 949 2464 referuntur:
1268 2400 1332 2470 diu
1346 2405 1479 2492 potuit,
1504 2399 1698 2501 atque'tum
1716 2413 1754 2480 iu
1768 2413 1901 2486 Senatu
1919 2441 1998 2488 cum
2017 2423 2257 2490 commotione

284 2515 332 2579 T,
350 2522 474 2602 patriam
488 2531 623 2598 ,epm
639 2521 716 2580 “1⁵11
734 2539 789 2578 Μ,
807 2519 877 2578 orbe
892 2522 1039 2604 relinquis
1268 2521 1349 2572 non‘
1366 2529 1471 2596 parva
1494 2525 1615 2602 cqntra
1642 2513 1815 2585 violantes
1835 2519 2059 2610 disciplinam
2076 2523 2257 2612 publicam

333 2617 379 2681 T,
394 2633 473 2682 tenet
486 2625 554 2681 aula
571 2624 667 2681 nitens
675 2665 687 2699 ,
714 2642 770 2682 uos
787 2623 952 2704 haymo„
968 2623 1040 2686 dies.
1267 2617 1302 2674 et
1318 2610 1609 2702 tranquillitatem
1624 2639 1864 2705 communem,
1889 2621 2000 2692 multa
2016 2623 2105 2694 dixit
2120 2627 2275 2716 gravis·

278 2765 384 2856 Quod
401 2791 496 2836 nuuc
520 2761 689 2858 Philippo
704 2761 940 2836 Melanthone
959 2771 1087 2840 amisso
1112 2771 1218 2840 nimis
1253 2707 1374 2826 ''sim-‘³’
1400 2723 1434 2782 et
1454 2715 1575 2832 minii
1597 2717 1834 2840 ⁸⁰v⁰ri⁸⁸ini⁹’
1855 2723 2038 2842 imiimiem
2062 2727 2118 2847 vil
2146 2729 2259 2798 lemi'

230 2891 311 2938 vere
329 2871 554 2960 respicientes
573 2873 617 2937 ad
643 2871 942 2939 luctuosissimum
979 2883 1120 2963 tempus
1152 2871 1218 2944 hoc
1268 2811 1427 2880 mdmem
1451 2829 1568 2906 ponus
1590 2843 1713 2888 mmm
1734 2846 1796 2915 qm
1813 2825 1994 2897 m⁰l¹¹⁰¹⁸²⁸
2012 2824 2076 2897 hac
2092 2853 2130 2898 ¹¹¹
2153 2843 2258 2920 Pam

228 2987 389 3042 nostrum
415 2973 459 3040 de
483 2972 586 3040 nobis
631 2965 799 3040 Ecclesiis
850 2986 884 3042 et
907 2973 1060 3062 publicis
1086 2989 1119 3044 et
1144 2977 1217 3066 pri·
1267 2925 1382 2982 essem
1403 2914 1618 3038 increpa-Vin
1650 2925 1748 2992 etde
1769 2927 2020 3049 ῗοῃῐῃῃώοῐῖθ
2049 2931 2257 3050 mimirum

596 3024 606 3054 ’
807 3025 817 3056 ’
1267 3027 1302 3084 et
1337 3035 1430 3104 pacis
1461 3023 1580 3090 studio
1603 3025 1715 3095 multa
1740 3030 1877 3098 utrlrter
1902 3043 1935 3100 et
1959 3057 2014 3123 pre
2039 3047 2181 3105 monuit
2210 3037 2257 3104 ad

228 3089 319 3144 vam
351 3075 454 3192 τάξω
486 3087 621 3190 ῃοῗωῆ
647 3075 764 3154 ΜΨ
788 3097 990 3194 9⁰⁵⁵⁰¹¹¹¹¹⁵3
1024 3081 1215 3195 ‘⁰¹3¹'q¹¹¹d
1266 3117 1926 3222 conciliandosanimos,quorundam
1948 3129 2254 3218 scholasticorum,

228 3189 342 3245 morte
357 3170 464 3246 hurus
482 3197 722 3259 amiserimus,
750 3189 784 3244 et
800 3200 888 3269 quae
905 3179 1057 3266 pericula
1077 3203 1216 3271 smpen-
1267 3215 1276 3233 ·

632 3277 640 3292 ,
737 3280 743 3294 ,
1033 3281 1042 3296 ,
1186 3309 1188 3314 Δ
1266 3231 1360 3288 mter
1376 3245 1464 3314 quos
1481 3225 1698 3315 periculosae
1712 3231 1808 3301 rixae
1828 3235 2026 3308 extiterant.
2078 3235 2255 3332 Nosqui-

229 3280 336 3348 deaut
359 3301 481 3346 omnes
505 3297 609 3348 sanos
630 3279 827 3366 intelligere
851 3303 988 3350 necesse
1013 3297 1077 3366 srt,
1104 3307 1215 3374 ipsius
1264 3321 1344 3388 dem
1368 3326 1596 3397 meminimus
1617 3334 1771 3423 quodam
1806 3350 1964 3426 ,empore
1995 3361 2075 3408 eum
2098 3365 2178 3410 mm
2211 3365 2256 3412 ex

228 3394 346 3448 autem
365 3379 582 3450 sanctissima
605 3379 724 3450 anima
747 3382 784 3450 in
807 3404 888 3450 vera
912 3383 1024 3471 patria
1048 3405 1111 3454 sua
1135 3409 1215 3454 coe-

297 3482 306 3498 ,
530 3483 538 3497 ,
673 3483 681 3497 ,
1043 3487 1050 3502 ,
1264 3419 1397 3493 Senatu
1414 3441 1493 3515 post
1509 3431 1705 3518 graviorem
1729 3440 2002 3508 commotionem
2027 3445 2172 3512 domum
2194 3467 2255 3513 re-

227 3481 306 3551 lestr
330 3483 587 3552 consuetudine
610 3485 753 3565 fruitur.
805 3483 875 3554 Sed
894 3486 1070 3575 quaerelis
1092 3499 1126 3556 et
1146 3489 1211 3557 do-

194 3609 197 3620 *
227 3581 296 3650 lori
313 3583 496 3674 indulgere
512 3584 550 3652 in
568 3586 765 3674 praesentia
781 3608 855 3654 non
873 3585 1103 3658 instituimus.
1129 3585 1212 3659 Fuit

226 3685 265 3752 in
284 3679 351 3755 hoc
373 3709 499 3774 genere
515 3681 694 3758 Chronico
711 3688 816 3758 lectio
833 3688 930 3756 illius
952 3690 1097 3774 ultima,
1124 3716 1212 3784 quae

225 3798 260 3855 et
285 3787 557 3858 inculcationem
584 3813 749 3858 versuum
765 3784 1040 3880 Epitaphiorum
1066 3793 1210 3864 illorum

224 3888 434 3958 ominosam.
451 3885 597 3974 habuit,
622 3904 694 3960 tam
721 3895 765 3962 de
789 3907 901 3962 morte
919 3893 1028 3982 ipsius
1044 3919 1149 3988 quam
1167 3900 1211 3966 de

222 3991 464 4084 temporibus,
492 4016 582 4085 quae
598 3987 690 4064 hanc
706 4007 822 4064 essem
835 4009 1105 4082 consecuturae,
1133 4011 1208 4068 tum

223 4086 316 4164 hanc
334 4099 439 4165 etiam
458 4119 579 4164 vocem
598 4094 709 4185 ipsius
723 4097 760 4164 in
788 4097 930 4186 primis',
952 4100 1048 4190 quod
1073 4101 1117 4168 de
1132 4097 1208 4172 Ro·

222 4192 331 4264 laudo
355 4198 413 4266 siti
441 4199 596 4268 extincto
624 4211 675 4268 ut¹
696 4222 716 4266 a
740 4199 958 4292 quibusdam
993 4195 1210 4291 perhibetur,

220 4299 329 4368 verba
342 4299 473 4368 faciens
489 4295 594 4384 haec,
620 4299 713 4370 inter
731 4300 799 4368 alia
816 4301 966 4386 diceret,
993 4315 1208 4394 praestantes

1263 3538 1459 3596 verteretur
1473 3531 1516 3597 de
1538 3555 1574 3600 se
1595 3535 1730 3620 dicere,
1756 3540 1865 3607 animi
1889 3544 2142 3614 commotiones
2163 3546 2255 3616 tales

1261 3647 1342 3694 suas
1358 3627 1611 3719 intereresse,
1638 3661 1728 3729 quae
1747 3644 1898 3711 mortem
1918 3644 1985 3736 ipsi
2001 3647 2253 3734 accelerarent,

1262 3739 1296 3796 et
1319 3729 1363 3796 de
1380 3729 1584 3804 iracundiae
1606 3743 1927 3831 commotionibus,
1952 3748 2065 3834 curis,
2091 3763 2126 3820 et
2145 3749 2253 3822 labo-

1260 3829 1359 3899 ribus
1375 3833 1530 3917 dicebat,
1558 3834 1613 3908 his
1629 3841 1745 3932 tribus
1770 3847 1876 3915 rebus
1898 3847 2007 3918 vitam
2031 3875 2131 3922 suam
2159 3877 2251 3922 con-

1259 3931 1335 4017 fici,
1361 3959 1450 4027 quae
1465 3950 1583 4008 tamen
1598 3967 1700 4013 causa
1715 3960 1892 4037 postremo
1910 3949 1988 4022 loco
2003 3947 2071 4023 hoc
2086 3967 2251 4046 tempore

1258 4033 1298 4102 in
1316 4033 1450 4108 Senatu
1477 4049 1742 4135 proponebatur
1764 4051 1940 4122 eiusmodi
1962 4069 2057 4141 erat,
2078 4071 2117 4128 ut
2144 4061 2251 4151 quasi

1258 4135 1368 4207 amica
1393 4145 1566 4233 quaedam
1587 4147 1829 4248 καταστροφὴ
1853 4155 2051 4245 videretur,
2076 4173 2110 4230 et
2134 4160 2171 4229 in
2189 4155 2250 4230 hi·

1257 4235 1430 4311 laritatem
1464 4252 1642 4338 quandam
1677 4255 1815 4342 negotia
1841 4257 2063 4346 desinerent,
2099 4263 2248 4356 ipseque

246 4397 256 4412 .
421 4401 429 4417 .
568 4401 615 4419 ,‚
861 4403 868 4418 ,
1257 4341 1377 4411 animo
1400 4349 1521 4416 sedato
1546 4353 1602 4419 vel
1625 4349 1856 4425 hilariusculo
1880 4361 1984 4428 etiam
2010 4363 2095 4432 inde
2121 4387 2250 4434 sorve-

220 4421 318 4468 vrros
350 4403 469 4474 subito
500 4403 626 4492 abripi.
685 4399 809 4472 Postea
832 4403 890 4470 dre
914 4425 1004 4496 quae
1025 4418 1101 4476 erat
1122 4403 1207 4484 llll.
1255 4455 1329 4524 re„
1355 4459 1461 4538 mque
1485 4449 1532 4518 ita
1548 4453 1694 4523 domum
1714 4481 1876 4528 reversus
1898 4462 2035 4556 reliqua
2055 4479 2155 4557 pam
2172 4417 2250 4538 (fid

219 4494 369 4619 lunum,
394 4525 456 4573 ⁶²¹¹
480 4500 614 4600 decimi*
639 4501 774 4622 Al’fffis
790 4525 940 4622 ΙΡΝ)Γευε
959 4505 1029 4576 iam
1045 4533 1063 4576 ³
1079 4512 1206 4629 '¹¹⁰¹'b,⁰
1255 4545 1410 4635 quietior
1426 4550 1494 4617 fuit
1510 4566 1542 4622 et
1558 4555 1809 4646 scriptionibus
1826 4561 2056 4654 quibusdam,
2071 4583 2105 4638 et
2123 4565 2250 4639 einen-

218 4599 311 4670 lrber
334 4605 537 4687 videbatur,
575 4629 658 4675 nam
693 4606 753 4676 rlle
788 4619 950 4678 internus
979 4609 1076 4678 calor
1097 4612 1206 4688 febrrs
1255 4647 1276 4712 d

217 4706 434 4776 continentis
458 4719 492 4776 et
520 4700 729 4798 perpetuae,
755 4709 800 4778 de
824 4733 896 4801 quo
920 4724 1039 4801 postea
1057 4712 1206 4796 dicetur,
1254 4769 1278 4814 n

217 4810 380 4926 ¹¹.⁰¹¹.‘¹¹¹'¹¹
403 4809 450 4878 ils
472 4805 509 4877 st!
532 4811 730 4900 fxsl'u‘rli,
756 4823 798 4880 ¹¹¹
812 4811 858 4879 de
876 4833 917 4881 ⁰⁰
933 4827 1028 4932 ΜΨ
1043 4839 1205 4906 Pf⁰¹¹¹¹¹¹·
1254 4863 1288 4916 et
1311 4848 1542 4924 Pomeraniae
1567 4873 1630 4930 etc.
1656 4887 1747 4956 quae
1770 4861 1827 4933 hic
1849 4875 1940 4962 typis
1968 4873 2246 4964 exprimebatur,

214 4929 300 4976 ΜΝ
319 4925 453 5000 P⁰³⁸⁰²=
480 4915 576 5004 (lumi
595 4927 714 4982 ΨΜ
732 4907 991 5003 ‘iil'rehensum
1009 4939 1081 4985 ¹³¹¹*
1106 4933 1205 5004 ‘⁵⁸⁸2
1250 4968 1359 5043 atque
1373 4955 1612 5043 epicediorum
1631 4970 1867 5055 quorundam,
1893 4995 1983 5063 quae
1997 4978 2125 5066 scripta
2143 4979 2246 5050 fuere

276 5112 285 5128 ·
737 5119 744 5133 ι
1253 5055 1368 5122 eidem
1387 5055 1556 5152 l‘rrncipi.
1608 5061 1704 5136 Haec
1721 5070 1880 5142 ominosa
1898 5096 2012 5163 perse
2035 5079 2133 5148 fuere
2155 5083 2242 5150 uni-
2315 5141 2320 5148 .

209 5124 392 5200 potionem
413 5118 581 5206 parabat,
604 5141 695 5210 quae
709 5117 819 5201 halem
835 5121 1010 5206 educeret,
1037 5145 1106 5214 qua
1121 5147 1201 5194 cum
1252 5177 1350 5224 m„

208 5205 275 5281 hae
288 5214 347 5284 die
361 5241 465 5287 mane
479 5242 563 5289 usus
578 5232 687 5304 esset,
712 5245 731 5290 a
750 5241 787 5290 se
803 5220 994 5292 allevatum
1011 5224 1203 5298 confiteba-

1281 4647 1460 4719 ationibus
1482 4653 1744 4748 typographicis
1760 4663 1941 4734 concionis
1962 4661 2103 4742 habitae
2124 4674 2161 4738 in
2187 4673 2249 4742 fu-

1282 4771 1339 4816 ere
1356 4748 1589 4825 lllustrissimi
1609 4760 1780 4854 principis
1797 4759 1955 4859 Philippi
1979 4771 2079 4840 ducis
2095 4772 2246 4844 Stettini

1362 5212 1371 5242 ‚
1409 5163 1504 5252 quod
1526 5163 1736 5240 funebribus
1757 5172 1829 5241 illis
1849 5177 1966 5264 operis
1987 5202 2028 5246 eo
2052 5193 2124 5252 toto
2149 5197 2243 5253 tem·
2272 5201 2283 5220 ·

1253 5281 1339 5347 pore
1364 5280 1612 5352 occuparetur,
1639 5285 1672 5341 et
1697 5297 1752 5343 res
1775 5275 1819 5342 de
1842 5276 1953 5368 ipsius
1970 5281 2074 5352 etiam
2091 5287 2243 5356 vocibus

211 5383 438 5404 ...-......
533 5389 541 5406 .
1252 5361 1363 5449 magis
1379 5365 1537 5436 ominosa
1554 5369 1677 5456 fiebat,
1706 5389 1779 5444 tum
1795 5379 1889 5446 e'uim
1910 5382 2029 5452 ridens
2051 5387 2094 5454 ad
2119 5403 2240 5472 astan-

239 5469 268 5540 3)
290 5467 343 5526 Ed.
355 5471 383 5528 2·
402 5481 429 5528 „
442 5481 484 5530 u,
1252 5476 1302 5532 tes
1317 5463 1507 5539 familiares
1522 5494 1603 5542 suos
1620 5473 1776 5558 dicebat,
1801 5501 1865 5570 ego
1879 5481 1950 5553 iaco
1969 5499 2103 5557 tautum
2125 5503 2238 5564 tracto
