4686 6172
250 287 325 364 866
828 285 1253 381 QUAESTIONES
1286 285 1693 372 ACADEMICAE·
1917 323 1920 334 ·
2183 289 2244 366 lii

248 462 364 540 nostri
387 458 465 536 letu
482 457 633 548 Christi,
654 462 848 549 discernis,
878 465 1078 558 praecipue¹
1093 465 1238 559 prodest
1263 466 1267 566 1
1291 491 1372 538 mus
1386 467 1502 562 loquis
1528 461 1627 534 Haec
1645 462 1779 554 agnitio
1793 459 1863 530 iiiii
1879 481 1921 528 eo
1936 459 2126 529 necessaria
2146 475 2205 546 ert,
2220 479 2248 535 et

248 560 320 636 hnc
335 560 489 633 mentem
505 579 609 658 atque
623 566 745 636 oculos
762 567 913 652 referre,
937 581 1042 662 teque
1063 564 1132 640 hoc
1160 570 1237 661 ipso
1264 572 1267 684 J
1291 586 1330 642 ut
1354 571 1438 640 lilio·
1455 570 1637 640 tribuatur
1659 565 1803 636 debitus
1825 559 1960 646 honos,
1991 575 2027 632 et
2058 577 2098 634 ut
2121 563 2247 636 sciamus

248 667 516 739 evidentissimo
531 667 734 738 testimonio
754 667 918 760 Apostoli
934 672 1078 742 munire
1094 697 1134 742 ac
1149 697 1238 743 con·
1263 690 1266 766 j
1291 697 1372 744 eum
1387 697 1470 743 vere
1487 671 1728 742 invocandum
1743 690 1837 752 esse,
1862 679 1898 736 er
1914 665 2079 736 exaudire
2100 665 2247 736 invocan-

248 772 402 844 firmare.
455 767 591 857 Quanti
607 795 691 840 vero
710 774 883 842 momenti
910 773 973 858 sit,
999 789 1156 868 etquam
1181 801 1238 844 sa·
1262 806 1266 897 Ι
1291 791 1363 860 ιεε,
1395 791 1429 846 ει
1465 777 1582 865 ipsum
1615 773 1763 842 missum
1789 793 1883 854 esse,
1916 783 1957 838 ut
1982 767 2177 838 immediate
2199 795 2248 861 per

249 873 375 944 lutaris
405 872 591 964 explicatio
616 868 724 944 huius
756 876 961 959 doctrinae,
992 893 1238 972 quantumque
1291 880 1407 971 ipsum
1434 894 1575 948 aeterna
1600 871 1759 945 Ecclesia
1783 873 1989 963 colligatur,
2014 885 2167 960 regatur,
2188 893 2246 942 ser·

249 975 444 1049 necessaria
460 973 613 1044 inomni
630 999 711 1048 vera
725 977 969 1063 invocatione,
991 983 1187 1052 ostendunt
1204 996 1238 1050 et
1291 993 1414 1067 vetur,
1440 997 1475 1055 et
1500 983 1544 1050 ad
1561 979 1670 1048 vitam
1693 991 1873 1048 aeternam
1891 998 1933 1046 ex
1950 987 2065 1044 morte
2082 987 2247 1050 revocetur.

249 1094 367 1150 vetera
392 1078 587 1147 certamina
615 1091 691 1149 orta
713 1103 754 1148 ex
779 1081 1134 1174 interpretationibus
1150 1082 1236 1152 alie·
1290 1082 1360 1154 Hic
1380 1109 1465 1156 usus
1484 1081 1668 1154 doctrinae
1685 1075 1794 1152 huius
1809 1077 1970 1172 quotidie
1995 1077 2035 1146 in
2052 1077 2248 1150 invocatione

250 1183 307 1250 nis
327 1181 519 1249 verborum
534 1175 718 1272 Apostoli,
746 1195 780 1251 et
800 1207 922 1252 recens
938 1182 1079 1254 Servati
1102 1187 1237 1256 tumul·
1290 1188 1498 1276 cogitandus
1518 1201 1579 1258 est.
1631 1182 1705 1257 Nec
1722 1207 1805 1252 vero
1822 1181 1966 1252 uliares
1989 1180 2247 1269 cogitaliouedi-

250 1299 328 1363 tus,
353 1307 426 1376 quo
443 1283 587 1353 turbare
602 1278 806 1354 Catholicae
821 1281 1009 1357 Ecclesiae
1024 1307 1234 1358 consensum
1289 1291 1394 1380 gnior
1412 1303 1482 1374 est,
1507 1313 1613 1382 quam
1636 1282 1744 1358 huius
1765 1284 1921 1354 mirandi
1942 1283 2112 1368 foederis,
2144 1283 2247 1352 videli-

249 1386 397 1456 molitus
419 1400 481 1456 esc
539 1383 684 1457 Etenim
707 1383 825 1458 adhuc
854 1391 1040 1480 superstite
1063 1389 1235 1484 Apostolo
1290 1407 1344 1462 cet
1369 1391 1606 1484 copulationis
1629 1389 1774 1460 divinae
1799 1401 1834 1456 et
1859 1382 2041 1457 humanae
2065 1399 2198 1456 naturae
2219 1385 2246 1454 iu

250 1485 433 1578 Iohanne,
459 1486 604 1560 Hebion
619 1503 655 1560 et
670 1484 890 1562 Cherinthus
904 1495 1183 1578 contenderunt,
1197 1493 1236 1561 in
1289 1491 1445 1568 Christo.
1499 1495 1568 1566 Sed
1589 1488 1714 1564 dehac
1736 1505 1834 1562 tanta
1858 1513 1916 1573 rc,
1942 1511 2073 1582 quaeso
2093 1501 2131 1558 ut
2150 1488 2246 1577 copie·

246 1587 395 1662 Christo
413 1604 551 1662 tanturn
577 1615 650 1662 esse
667 1587 859 1662 humanam
886 1609 1062 1666 naturam.
1113 1594 1235 1684 Quare
1289 1599 1362 1667 sius
1381 1596 1716 1668 dicatReverendus
1733 1594 1806 1677 vir,
1821 1589 2003 1662 Dominus
2017 1583 2246 1662 DoctorGeor-

250 1697 296 1764 ab
308 1691 477 1764 Eccleeiis
497 1691 603 1764 Asiae
621 1709 766 1784 rogatus
783 1691 980 1782 lohannes,
1005 1711 1046 1768 ut
1064 1699 1237 1789 refutaret
1287 1697 1375 1794 gius
1390 1695 1541 1786 Maior,
1564 1721 1668 1794 quern
1685 1711 1720 1768 et
1736 1711 1882 1790 propter
1898 1697 2011 1788 ipsius
2030 1693 2201 1773 virtutem,
2221 1707 2246 1762 ct

247 1791 316 1866 hus
339 1797 496 1884 furores,
528 1799 643 1868 voluit
662 1795 848 1888 Evangelii
871 1802 1076 1871 narratione
1105 1803 1235 1894 scripta
1288 1817 1434 1894 propter
1457 1817 1638 1898 paternam
1663 1800 1875 1884 amicitiam,
1914 1799 2029 1890 diligo
2056 1811 2090 1868 ct
2114 1819 2245 1866 veneror.

250 1914 368 1969 extare
394 1913 602 1992 perpetuum
632 1925 673 1970 ac
704 1902 947 1972 firmissimum
979 1905 1234 1989 testimonium,
1287 1903 1380 1980 Diri.

250 2005 295 2070 de
321 2003 459 2072 duabus
485 2004 625 2074 naturis
651 2004 690 2074 in
709 2005 783 2074 filio
806 2002 891 2090 Dei,
924 2020 1010 2075 nato
1032 2031 1074 2075 ex
1096 2009 1234 2097 virgine

249 2103 379 2179 Maria.
432 2103 539 2194 Quod
557 2107 673 2198 ipsum
693 2121 813 2177 tamen
836 2123 955 2200 postea
972 2107 1234 2194 samosatenus,
1335 2147 1512 2230 Remmia
1540 2145 1755 2233 6907953
1786 2145 2018 2214 Magorg,
2080 2142 2206 2214 „mm

249 2202 637 2292 Photinus,'Praxeas,
665 2211 782 2278 etalii
805 2211 949 2278 fanatici
973 2226 1086 2280 astute
1108 2215 1234 2304 depra·
1685 2248 1888 2338 Theolopine.
2025 2195 2036 2234 7

249 2313 339 2378 vare'
353 2324 461 2402 atque
479 2311 623 2379 eludere
645 2309 762 2379 conali
783 2325 886 2396 sunt,
918 2313 1148 2402 impudenter
1167 2317 1234 2383 lin·

249 2425 391 2500 gentes,
418 2405 532 2509 λόγον
552 2437 627 2482 nou
650 2412 846 2502 significare
869 2408 1148 2510 ὑφιστάμενον,
1172 2441 1234 2486 seu
1362 2409 1597 2480 Verissimum
1617 2423 1667 2479 est
1684 2408 1781 2504 quod
1796 2410 1903 2494 dicis,
1926 2407 2107 2477 carissime
2115 2396 2237 2520 Carpat,

250 2514 445 2586 subsistens
459 2516 581 2591 vivum
597 2538 637 2584 ar
652 2517 857 2586 distinctum
876 2541 895 2585 a
910 2516 1035 2598 Patre,
1060 2521 1119 2588 sed
1137 2521 1234 2609 cogi·
1286 2513 1424 2584 nullam
1447 2537 1522 2581 rem
1539 2511 1752 2602 cogitatione
1769 2513 1969 2603 digniorem
1994 2533 2088 2596 esse,
2113 2507 2238 2620 conside·

250 2617 420 2686 tationem
447 2631 731 2704 evanescentem,
764 2641 825 2692 seu
855 2621 1076 2712 propositum
1107 2621 1234 2704 Patris,
1286 2618 1424 2686 ratione
1459 2613 1525 2684 filii
1559 2615 1645 2694 Dei,
1681 2629 1715 2686 et
1740 2611 1808 2684 hoc
1833 2615 2000 2682 mirando
2024 2611 2163 2681 consilio
2181 2605 2238 2682 Du.

252 2743 326 2790 non
349 2719 560 2793 distinctum
583 2745 603 2790 a
626 2719 753 2813 Patre,
788 2745 855 2791 nec
885 2747 947 2814 per
971 2748 1008 2794 se
1030 2726 1236 2810 subsistens,
1286 2722 1383 2814 quod
1407 2719 1520 2786 lilium
1546 2720 1590 2786 ad
1612 2713 1806 2786 Ecclesiam
1830 2718 1941 2785 misit.
1999 2713 2073 2786 Nec
2094 2737 2167 2782 vero
2188 2709 2238 2777 ulla

250 2823 314 2892 sed
332 2823 483 2894 velutin
498 2818 695 2894 Architecti
711 2839 828 2894 mente
844 2825 1021 2896 lucentem
1038 2828 1153 2896 ideam
1177 2829 1235 2898 fu·
1287 2845 1342 2892 res
1367 2823 1436 2914 piis
1464 2821 1674 2910 ampliorem
1708 2835 1745 2889 et
1768 2820 1966 2890 dulciorem
1998 2815 2238 2926 consolationeq

169 2931 172 2936 '
250 2926 323 2994 turi
348 2928 463 3018 operis
489 2927 667 2997 condendi
688 2947 728 2996 ac
752 2930 997 3004 conservandi.
1048 2928 1145 2998 Haec
1168 2932 1236 2999 im·
1288 2923 1420 3006 adfeit,
1447 2945 1553 3016 quam
1570 2917 1656 2991 haec
1673 2923 1748 3014 ipsa
1765 2923 1930 3012 cogitatio
1949 2923 1995 2990 de
2013 2917 2239 3006 minuatque

252 3027 524 3120 piacorruptels
544 3029 682 3100 levibns
707 3030 860 3120 ingeniis
884 3046 920 3102 et
942 3047 1029 3102 tunc
1045 3048 1143 3122 grata
1157 3035 1237 3115 fuit,
1286 3027 1352 3111 sit,
1378 3049 1443 3096 cur
1466 3024 1593 3114 missus
1619 3026 1683 3111 sit,
1710 3049 1799 3126 quae
1822 3026 1894 3094 sint
1909 3023 1986 3093 eius
2006 3023 2144 3142 propria
2158 3019 2240 3134 benf-

251 3143 287 3200 et
303 3153 399 3202 nunc
415 3145 559 3224 propter
575 3132 850 3203 concinnitatem
864 3137 985 3204 multis
1003 3136 1200 3211 blanditur.
1287 3130 1383 3215 licia,
1409 3152 1500 3223 quae
1525 3131 1569 3197 de
1590 3129 1667 3220 ipso
1690 3129 1819 3199 tradita
1842 3127 1915 3198 sint
1935 3128 2150 3196 testimonia.
2192 3117 2242 3187 sv-

353 3233 425 3306 Sed
439 3249 493 3306 est
509 3235 548 3304 in
562 3235 638 3327 ipsa
657 3237 746 3305 serie
769 3237 985 3308 narrationis
1001 3242 1094 3330 apud
1106 3238 1237 3312 lohan-
1286 3259 1356 3328 que
1379 3257 1420 3303 eo
1444 3231 1550 3300 nobis
1571 3231 1706 3322 gratior
1729 3227 1816 3301 haec
1843 3229 2037 3321 cogitatio,
2062 3241 2100 3299 ut
2115 3220 2243 3339 diabolos

250 3349 335 3406 hcm
348 3338 574 3408 manifestum
590 3352 624 3408 et
640 3338 786 3409 evidens
806 3339 1070 3425 testimonium,
1090 3367 1160 3434 quo
1178 3367 1237 3412 re·
1286 3339 1445 3407 furentes
1459 3334 1543 3404 odio
1561 3335 1627 3403 lilii
1648 3335 1881 3427 repellamus,
1908 3332 1970 3426 qui
1997 3327 2071 3401 hoc
2091 3344 2243 3438 praecipue

252 3440 358 3508 tundi
382 3464 421 3508 ac
444 3439 592 3510 refutari
624 3440 772 3511 istorum
797 3442 923 3511 deliria
949 3445 1134 3535 perspicue
1156 3471 1237 3538 pos-
1287 3453 1396 3530 agunt
1417 3439 1455 3506 in
1479 3438 1643 3505 maximis
1665 3436 1935 3507 confusionibus
1961 3434 2103 3524 generis
2119 3427 2244 3504 humant,

250 3551 346 3612 sunl.
399 3537 512 3612 Addit
533 3541 630 3612 enim
658 3545 701 3614 d'e
726 3539 884 3615 Christo:
922 3544 966 3614 ln
988 3549 1124 3616 mundo
1153 3562 1238 3632 erat,
1286 3557 1327 3613 ut
1350 3537 1485 3612 Christi
1511 3539 1677 3608 noticiam
1702 3541 1864 3624 deleant,
1898 3551 1932 3608 ει
1952 3535 2179 3609 contumelias
2192 3529 2243 3646 'ed-

253 3657 288 3712 ει
303 3645 460 3714 mundus
474 3643 667 3736 peripsum
683 3647 796 3716 iactus
812 3661 881 3732 est3
910 3649 1004 3741 quod
1021 3652 1066 3718 de
1081 3646 1236 3722 humana
1287 3667 1409 3715 versus
1429 3667 1510 3713 eum
1536 3642 1732 3712 cumulent.
1785 3641 1838 3711 Ita
1859 3641 1965 3710 initio
1989 3640 2087 3712 inter
2100 3630 2242 3708 Ethnrcos

253 3759 380 3816 natura
402 3760 582 3838 assumpta
608 3771 650 3818 ex
676 3748 816 3838 virgine
842 3752 985 3842 proprie
1017 3753 1129 3844 accipi
1163 3777 1238 3824 non
1286 3749 1437 3818 extincta
1462 3761 1513 3814 est
1534 3745 1595 3814 lux
1616 3745 1883 3836 promissionis,
1913 3743 2011 3814 etin
2035 3731 2242 3854 ipsopqpulo

250 3861 377 3938 potest.
513 3891 516 3898 ,
1289 3849 1414 3934 lsrael,
1441 3871 1521 3919 cum
1536 3845 1659 3917 Patres
1675 3862 1709 3918 ct
1724 3843 1924 3939 Prophetae
1946 3857 1981 3915 ct
2006 3845 2116 3940 aliqui
2138 3865 2182 3932 pu
2202 3855 2243 3902 re·

355 3949 504 4021 Necesse
538 3965 589 4022 est
612 3953 722 4043 igitur
756 3956 1039 4026 constantissime
1072 3957 1238 4046 amplecti
1287 3969 1340 4024 cte
1358 3965 1605 4044 agnoscerent,
1631 3951 1857 4030 invocarent,
1886 3963 1920 4019 et
1937 3935 2243 4018 celebrarentlles·

252 4053 486 4139 sententiam,
511 4056 608 4146 qued
624 4056 661 4124 iu
678 4051 823 4127 Christo
835 4058 881 4129 sit
901 4073 936 4127 et
950 4073 1093 4128 maneat
1110 4073 1236 4129 natura
1287 4057 1393 4140 siam,
1419 4069 1539 4125 tamen
1566 4049 1747 4123 Pharisaei
1772 4067 1807 4123 et
1828 4053 1890 4122 alii
1915 4051 2018 4142 impii
2042 4049 2161 4120 amissa
2183 4041 2244 4109 luet

219 4214 225 4230 .
253 4156 395 4247 divina,
430 4157 608 4228 conditrix
629 4183 708 4228 curn
733 4158 858 4243 Patre,
891 4161 992 4252 quasi
1017 4160 1237 4231 deliberante
1285 4157 1553 4251 promissionis,
1578 4179 1681 4225 veros
1702 4152 1856 4225 honores
1872 4149 2020 4226 Christo
2034 4151 2243 4258 detraxemnel·

253 4283 334 4328 curn
351 4258 445 4330 Filio
463 4273 497 4332 et
510 4271 704 4344 statuente,
729 4263 773 4332 dc
789 4285 858 4354 qua
882 4264 1012 4333 diserte
1033 4263 1137 4334 dicit:
1188 4261 1238 4335 Et
1287 4261 1338 4333 lta
1363 4275 1482 4352 postea
1506 4259 1769 4328 illustrantibus
1788 4255 1971 4350 Apostolis
1995 4279 2113 4326 veram
2137 4253 2243 4319 doctn-

252 4373 330 4432 erat
342 4353 451 4458 λόγος
471 4365 567 4454 apud
582 4359 710 4438 Deum.
763 4362 870 4432 item:
894 4363 1053 4436 Verbum
1077 4387 1158 4436 caro
1183 4367 1237 4437 fa·
1286 4389 1388 4449 nam,
1413 4359 1553 4446 Ebion,
1578 4356 1820 4445 Cherinthus,
1841 4375 1875 4430 ει
1889 4361 2057 4451 deinceps
2074 4353 2170 4425 multi
2184 4347 2242 4416 bla-

254 4476 349 4534 ctum
365 4476 433 4548 est,
459 4464 498 4533 id
520 4479 593 4544 est,
619 4487 694 4536 non
714 4465 820 4536 Pater
836 4480 897 4536 aut
913 4465 1068 4560 Spiritus
1084 4483 1237 4556 sanctus,
1286 4463 1462 4559 sphemias
1479 4475 1695 4556 sparserunt,
1721 4465 1835 4534 donec
1850 4461 2049 4532 diabolicae
2063 4458 2168 4528 furiae
2180 4445 2242 4560 Mt:

253 4566 315 4636 sed
338 4557 446 4663 λόγος
467 4560 664 4659 ὃμοούσιος
687 4583 722 4640 ει
744 4583 951 4640 coaeternus
969 4585 1112 4642 aeterno
1126 4570 1235 4645 Patri.
1286 4565 1443 4653 homeri,
1469 4568 1633 4658 dogmate
1648 4581 1683 4638 et
1696 4568 1803 4636 armis
1818 4565 2020 4636 doctrinam
2042 4565 2085 4632 de
2102 4559 2169 4629 lilio
2190 4547 2241 4620 ΒΗ

252 4665 332 4740 Huc
356 4669 597 4759 adiungantur
617 4685 651 4744 ct
670 4673 801 4742 similia
816 4673 1007 4744 certissima
1022 4675 1236 4761 testimonia,
1284 4674 1324 4742 iu
1357 4694 1485 4761 magna
1518 4683 1619 4762 parte
1660 4671 1798 4759 generis
1830 4665 1999 4748 humani,
2036 4661 2241 4779 delevcrtml·

254 4785 294 4840 ut
308 4768 531 4842 Colossenses
548 4776 679 4864 primo:
706 4770 844 4844 Omnia
869 4799 931 4867 per
952 4777 1070 4868 ipsum
1093 4779 1234 4848 condita
1287 4774 1403 4866 Papa,
1421 4768 1611 4857 Monachi,
1628 4785 1662 4842 et
1674 4773 1780 4843 multi
1791 4771 1997 4864 scriptores,
2017 4769 2149 4841 etiamst
2159 4758 2241 4876 ,5me

253 4885 354 4950 sunt,
371 4886 403 4942 et
421 4873 495 4964 ipse
513 4889 662 4946 estante
679 4879 818 4962 omnia,
839 4879 1029 4971 omniaque
1045 4880 1234 4970 peripsum
1286 4879 1368 4948 bola
1385 4901 1459 4946 non
1474 4877 1699 4958 deleverunt,
1726 4890 1845 4946 tamen
1860 4877 1904 4944 de
1921 4871 2098 4942 beneficiis
2114 4853 2241 4934 filcile,

253 4975 459 5048 consistunt.
513 4973 559 5046 Et
577 4974 701 5048 lohan.
718 4980 753 5050 8.
770 4981 888 5073 inquit
904 4977 1095 5052 Dominus:
1122 4979 1235 5052 Ante·
1285 4983 1381 5051 etde
1398 4981 1474 5050 eius
1491 4978 1717 5048 invocatione
1733 5003 1807 5048 non
1823 4991 1915 5047 recte
1937 4979 2141 5046 docuerunt.
2185 4953 2240 5028 5²⁶

253 5101 359 5168 quarn
392 5073 575 5148 Abraham
609 5097 835 5166 nasceretur,
872 5107 935 5172 ego
965 5108 1054 5157 sum.
1113 5083 1236 5174 Quid?
1284 5083 1374 5154 vivit
1396 5083 1490 5154 filius
1508 5081 1594 5160 Dei,
1628 5095 1662 5151 et
1684 5082 1858 5173 serpentis
1879 5094 1985 5172 caput
2007 5067 2239 5188 conculqalsti

252 5181 348 5271 quod
375 5182 478 5250 toties
503 5185 676 5274 scriptura
702 5179 799 5256 huuc
818 5185 1042 5275 unigenitum
1073 5188 1188 5257 lilium
1214 5213 1232 5259 a
1258 5218 1260 5235 =
1284 5187 1523 5271 conculcabit,
1548 5207 1589 5252 ac
1606 5183 1760 5276 aliquam
1776 5180 1971 5254 Ecclesiam
1987 5199 2121 5269 semper
2140 5192 2175 5286 1¹}
2195 5181 2238 5250 ὅθ’

252 5283 335 5350 liliis
368 5283 571 5373 adoptionis
601 5287 797 5357 discernit?
830 5302 870 5357 ut
902 5291 1089 5358 convincat
1122 5291 1233 5382 ipsam
1256 5244 1260 5358 i
1283 5283 1544 5358 nerehumano
1565 5299 1698 5369 servat,
1726 5287 1785 5355 cui
1808 5287 1891 5379 quia
1917 5309 1983 5354 nos
2008 5299 2143 5376 quoque
2163 5285 2238 5337 ¹⁰⁵⁸·

248 5379 383 5456 Christi
407 5377 615 5458 ὑπόστασιν
637 5413 710 5458 esse
733 5389 912 5473 divinam,
939 5403 973 5460 et
998 5392 1171 5483 integram
1194 5419 1234 5464 ac
1256 5402 1259 5485 j
1283 5393 1377 5474 ruit,
1393 5391 1566 5461 laetemur
1580 5390 1657 5458 eius
1672 5389 1856 5473 beneficio,
1872 5389 1950 5457 etei
1968 5383 2094 5477 gratias
2110 5381 2238 5483 agam}¹⁸·

248 5487 513 5558 substantialem
531 5491 720 5579 imaginem
734 5490 850 5562 Patris
872 5495 917 5562 ad
941 5494 1054 5580 iutra,
1079 5512 1120 5566 ut
1142 5497 1233 5568 sole·
1256 5496 1260 5578 l
1286 5493 1433 5566 Utinam
1460 5507 1576 5564 autem
1597 5515 1735 5584 possem
1757 5492 1801 5560 de
1823 5487 1889 5561 hac
1904 5488 2107 5584 quaestione
2126 5472 2239 5546 madro·
