4686 6172
248 219 325 368 atu
838 279 1262 378 Quansrtoatts

243 467 326 541 eidi.
383 461 572 536 Caeterum
595 459 657 544 illa
680 453 905 534 Aristotelica
930 458 1044 532 virtus
1065 473 1118 534 cst
1138 460 1243 534 valde

244 567 425 660 languida.
484 563 573 638 Nam
603 563 740 635 etiamsi
770 563 859 658 quid
889 577 975 634 sunt
1002 565 1057 634 illi
1086 559 1242 649 habitus,
1297 559 1438 587 Μ

245 687 331 746 sunt
353 667 474 744 tenuia
494 665 639 757 vestigia
663 665 702 736 in
723 669 850 752 corde,
881 666 1114 758 impressione
1134 668 1240 762 spiri·

244 792 348 850 tuum
368 775 478 858 iacta,
497 784 549 846 ,ut
575 769 791 864 relinquitur
814 770 905 840 odor
929 770 970 838 in
992 794 1120 858 manu,
1153 794 1240 842 con·
1345 828 1350 836 .

242 892 340 953 tactu
353 876 404 948 rei
419 876 510 946 bene
528 872 668 946 olentis.

351 1014 393 1087 ln
415 1011 559 1084 noticiis
579 1009 720 1080 facilius
742 1021 794 1080 est
817 1031 962 1080 eernere
983 1003 1146 1096 habitus,
1171 1007 1240 1078 im·

244 1121 453 1214 primuntur
475 1113 620 1184 cerebro
645 1107 833 1202 imagines,
858 1125 900 1182 ut
914 1111 1166 1202 cumsigillum
1183 1135 1241 1182 ce-

244 1247 306 1295 rae
327 1217 559 1312 imprimitur.
611 1213 688 1286 Hae
713 1214 884 1306 imagines
906 1227 991 1286 suut
1006 1214 1241 1308 expressiores

247 1341 283 1398 et
297 1321 546 1396 durabiliores.

349 1455 511 1552 Seposita
536 1465 652 1524 autem
676 1451 916 1544 disputatione
939 1453 983 1524 de
1006 1449 1241 1524 Aristotelicis

245 1561 450 1641 habitibus,
477 1553 546 1628 hoc
570 1579 693 1626 verum
717 1569 785 1638 est,
810 1549 976 1626 honestas
994 1555 1151 1626 actiones
1164 1555 1241 1650 lieri

245 1691 365 1760 posse,
389 1687 479 1758 quae
495 1673 580 1730 sunt
596 1657 704 1729 rectio
720 1655 968 1730 locomotivae.
1020 1657 1140 1730 Potest
1155 1653 1241 1729 Ale-

244 1771 380 1840 xander
406 1765 583 1836 abstinere
606 1784 625 1831 a
653 1757 800 1850 coniuge
826 1775 861 1832 ct
878 1760 1026 1830 'filiabus
1051 1759 1174 1842 Darii,
1204 1761 1239 1829 id

246 1888 316 1958 est,
341 1893 460 1960 regere
479 1863 752 1958 locomotivam,
775 1885 820 1931 ne
837 1885 893 1934 eas
910 1863 1079 1954 attingat,
1104 1861 1241 1935 etiamsi

245 1975 344 2046 intus
359 1969 526 2055 incaluit,
551 1981 593 2040 ut
610 1967 750 2038 latetur.

349 2103 452 2176 Hanc
480 2103 699 2183 libertatem,
732 2098 810 2170 vult
831 2095 929 2170 Deus
957 2099 1131 2193 reliquam
1156 2122 1242 2186 esse,

247 2226 282 2282 et
300 2207 519 2282 severissime
537 2201 712 2295 praecipit
729 2215 872 2272 externa
888 2204 1047 2272 membra
1065 2201 1141 2292 lege
1156 2202 1241 2290 regi,

246 2329 282 2386 et
306 2309 401 2382 hanc
424 2305 651 2397 disciplinam
672 2303 837 2374 nominat
857 2301 991 2374 Paulus
1013 2326 1120 2395 opera
1144 2302 1242 2392 legis,

247 2416 346 2511 quod
363 2413 450 2482 liant
465 2407 679 2499 cogitatione
694 2404 782 2494 legis
798 2405 912 2474 ciente
928 2429 1078 2492 nervos,
1102 2405 1240 2478 etiamsi

247 2538 310 2590 eor
324 2511 429 2586 habet
445 2509 622 2584 contraria
639 2507 816 2580 incendia.
867 2503 921 2578 Ac
936 2507 1167 2579 violationem
1184 2507 1241 2578 di-

248 2617 417 2712 sciplinae
433 2613 531 2686 Deus
551 2611 770 2682 severissime
792 2611 914 2700 punit,
939 2625 980 2682 ut
1001 2611 1112 2684 multa
1125 2610 1241 2682 tristia

155 2735 164 2754 ⁸
247 2748 289 2794 ac
319 2720 451 2810 tragica
481 2714 678 2808 spectacula
707 2713 869 2808 quotidie
891 2715 1104 2798 ostendunt,
1135 2714 1242 2800 bella,

248 2825 391 2910 caedes,
422 2818 654 2899 vastationes,
688 2815 807 2886 morbi
827 2830 862 2888 et
883 2817 974 2886 aliae
993 2817 1126 2888 multae
1146 2816 1241 2886 cala-

247 2926 399 2998 mitates.
450 2923 510 2994 Sic
531 2919 627 2989 enim
643 2919 762 3012 inquit
776 2941 845 2988 vox
863 2919 1003 2989 divina:
1030 2913 1162 2988 Omnis
1178 2917 1241 3013 qui

248 3029 407 3126 gladium
438 3021 628 3116 acceperit,
657 3021 775 3112 gladio
804 3021 952 3112 peribit;
986 3033 1023 3090 et
1047 3023 1092 3092 de
1114 3021 1242 3092 consar-

248 3131 349 3202 sione
377 3127 588 3198 libidinum:
623 3117 757 3194 Omnis
780 3124 898 3196 anima
922 3148 1012 3220 quae
1033 3123 1154 3196 lecerit
1178 3119 1242 3194 has

247 3229 550 3314 abominationes,
576 3225 825 3301 eradicabitur.

254 3425 257 3432 ,
298 3419 301 3426 .
347 3363 425 3466 llas
447 3358 646 3434 horrendas
669 3383 800 3452 poenas
824 3360 1048 3442 intueamur,
1075 3373 1110 3432 et
1134 3360 1241 3432 disci-

178 3471 182 3476 ’
247 3469 368 3563 pliuae
396 3466 627 3537 violationem
655 3462 819 3534 vitemus.
879 3461 1011 3551 Magna
1043 3477 1095 3534 est
1122 3477 1240 3534 autem

246 3585 395 3643 naturae
422 3568 629 3645 infirmitas,
663 3579 699 3636 et
724 3564 874 3636 insidiae
898 3561 1135 3636 Diabolorum
1157 3577 1241 3638 suot

247 3675 420 3744 assiduae.
472 3666 550 3740 Etsi
575 3667 758 3758 igiturest
779 3667 897 3760 aliqua
922 3667 1088 3752 libertas,
1121 3683 1241 3738 tamen

245 3777 350 3848 lacile
378 3775 572 3843 vincuntur
601 3769 780 3840 homiues.
838 3769 962 3840 Sciant
983 3785 1099 3842 autem
1125 3771 1239 3840 renati

247 3878 421 3949 auxilium
450 3875 569 3945 atilio
585 3871 653 3944 Dei
678 3873 868 3964 petendum
893 3894 984 3957 esse,
1016 3873 1080 3966 qui
1102 3873 1239 3967 inquit:

210 3989 213 3998 “
247 3977 361 4052 Orate
377 4001 422 4047 ne
438 3976 578 4046 intretis
589 3975 628 4044 io
642 3974 886 4045 tentationem.
924 3971 1121 4064 longantur
1136 3971 1238 4044 haec:

245 4081 431 4174 diligentia
452 4093 487 4150 et
508 4078 704 4156 invocatio,
731 4101 795 4145 nec
818 4075 865 4146 sit
887 4071 996 4145 homo
1021 4091 1061 4148 ut
1079 4089 1239 4152 truncus.

248 4185 371 4274 Quare
391 4177 568 4252 lohannes
584 4179 718 4273 inquit:
744 4177 858 4249 Natus
873 4202 915 4248 ex
933 4179 1007 4250 Deo
1023 4180 1239 4259 custoditae,

246 4303 281 4360 et
300 4285 473 4356 Diabolus
502 4307 577 4352 non
606 4281 749 4370 attingit
774 4305 874 4362 eum,
906 4281 1090 4365 videlicet,
1121 4281 1240 4350 inten—
1274 4365 1279 4376 1

136 4426 145 4437 ·
247 4405 324 4476 tum
345 4383 408 4459 καὶ
431 4389 618 4481 τηροῦντα
641 4378 789 4458 ἑαυτὸν.
841 4381 937 4454 llaec
958 4384 1064 4452 verba
1086 4383 1239 4474 diligen-

248 4493 335 4563 tiam
353 4489 587 4582 praecipiunt.

349 4624 447 4696 ilaec
461 4649 557 4694 nuuc
569 4623 727 4692 breviter
739 4621 783 4690 de
798 4615 865 4692 hac
880 4622 1015 4714 prolixa
1033 4620 1239 4715 quaestione

247 4733 347 4815 dico,
373 4731 418 4799 de
440 4751 509 4822 qua
531 4749 631 4814 saepe
656 4725 741 4793 alias
765 4723 957 4794 refutamus
972 4721 1090 4794 Stoica
1108 4737 1143 4793 et
1158 4721 1238 4792 Ma-

192 4917 195 4924 *
248 4827 396 4902 nichaea
425 4827 549 4900 deliria
567 4839 569 4842 ’
578 4819 777 4922 βλακώδη,
812 4849 947 4922 vosque
975 4819 1164 4909 adhortor,
1199 4837 1240 4894 ut

247 4934 388 5005 assidua
411 4931 616 5024 precatione
639 4951 700 4997 vos
722 4929 957 5016 confirmetis,
981 4943 1015 4998 et
1030 4926 1240 5018 promissio·

246 5060 330 5105 uem
359 5030 596 5104 universalem
629 5031 673 5101 ad
704 5053 768 5098 vos
788 5031 966 5122 pertinere
989 5031 1168 5112 statuatis,
1199 5027 1239 5097 in

128 5127 134 5142 “
248 5163 318 5231 qua
333 5134 448 5207 Filius
466 5125 530 5206 Dei
557 5157 661 5202 verax
683 5133 837 5222 legatus,
863 5155 986 5205 omnes
1008 5131 1054 5203 ad
1077 5153 1114 5202 se
1137 5145 1239 5202 vocat

247 5242 449 5310 laborantes
467 5251 501 5308 e't
517 5249 692 5308 oneratos.
743 5231 838 5306 Dixi.

1283 279 1696 370 ,acauuurcan
1722 391 1725 399 ι

2218 284 2291 360 880

2116 487 2169 534 sn.
2187 464 2280 536 1559.

2110 557 2283 586 Μ

1295 457 1439 538 Noas.
1463 487 1466 496 ’

1361 676 1394 730 ln
1407 674 1575 732 Orationem
1589 675 1623 730 Τ.
1634 678 1666 732 V.
1683 695 1710 748 p.
1720 676 1797 746 liz,
1813 673 2017 730 inOrstionum
2028 673 2183 748 postremis
2199 673 2291 746 palad.

1395 755 1421 801 et
1436 744 1507 819 apud
1521 743 1698 802 Richardium
1713 745 1747 800 T.
1761 743 1795 800 ll.
1810 760 1836 818 p.
1850 741 1912 799 ἥδ.

1294 909 1471 995 Quaestio
1493 927 1517 977 o
1533 925 1651 998 puero
1666 909 1883 1000 proposito:
1908 903 1957 976 de
1974 900 2184 978 uirtutibus
2200 905 2293 980 odo·

1439 1011 1646 1082 tesceuttoe
1664 1007 1872 1082 secundum
1896 1005 2130 1102 Besripidess.

1293 1171 1494 1274 Euripides
1509 1182 1617 1254 trium
1628 1183 1817 1276 praecipue
1829 1182 2003 1252 virtutum
2015 1182 2179 1252 studium
2191 1206 2293 1274 prae-

1294 1286 1381 1376 cipit
1402 1285 1704 1372 adolescentibus,
1736 1299 1776 1356 ut
1796 1281 1913 1354 Deum
1937 1284 2073 1369 colere,
2100 1299 2144 1356 ut
2166 1308 2293 1376 paren·

1294 1387 1409 1472 tibus,
1435 1403 1469 1460 et
1490 1411 1579 1480 quos
1600 1389 1679 1459 loco
1698 1401 1883 1480 parentum
1898 1379 2054 1479 habent,
2080 1400 2123 1458 ut
2138 1387 2290 1476 publicis

1293 1489 1429 1580 legibus
1452 1501 1488 1559 et
1508 1491 1652 1562 laudata
1673 1489 1932 1561 consuetudine
1956 1489 2105 1579 receptis
2131 1489 2290 1560 moribus

1293 1593 1536 1684 obtemperare
1566 1605 1807 1664 consuescant.
1873 1585 1922 1662 Et
1952 1591 2069 1660 addit:
2119 1586 2142 1662 ὁ
2173 1597 2290 1664 ταῦτα

1294 1691 1399 1790 δρῶν
1413 1686 1611 1768 κάλλιστον
1626 1692 1693 1778 ἔξει
1708 1689 1896 1791 στέφανον
1912 1687 2075 1774 adalrado
2089 1687 2161 1766 oiri.
2205 1691 2286 1764 Con

1294 1798 1413 1891 itaque
1432 1795 1620 1890 praecipua
1641 1798 1688 1870 sit
1709 1797 1749 1868 in
1771 1810 1882 1868 aetate
1900 1809 2021 1866 nostra
2038 1795 2119 1866 laus
2136 1794 2284 1880 Pietatis,

1294 1899 1400 1970 olficii
1415 1914 1449 1970 ct
1463 1899 1707 1984 obedientiae,
1733 1923 1807 1968 non
1823 1897 1986 1968 existimo
2001 1899 2187 1989 expectari
2206 1922 2279 1968 ane

1295 2003 1449 2074 rationes
1473 1997 1581 2072 huius
1604 2002 1674 2072 mei
1691 2002 1795 2088 lacti,
1822 2002 1919 2096 quod
1935 2001 2050 2070 iussus
2066 2002 2211 2100 prodeo
2224 1995 2277 2070 hue

1294 2105 1338 2174 ad
1362 2105 1573 2189 dicendum,
1598 2105 1739 2174 conlido
1761 2104 1856 2173 enim
1880 2101 1974 2194 ipsas
1992 2103 2226 2174 obedientiae
2242 2103 2284 2171 le-

1293 2229 1352 2296 ges
1373 2221 1615 2293 excusaturos,
1639 2207 1667 2277 si
1691 2205 1778 2301 quid
1802 2203 2078 2274 inverecundius
2094 2205 2136 2276 iu
2156 2231 2202 2276 eo
2222 2205 2284 2274 lieri

1289 2307 1515 2392 'censebitur,
1552 2310 1649 2401 quod
1680 2333 1746 2380 ceu
1778 2331 1867 2399 puer
1895 2307 2101 2377 concionari
2136 2309 2285 2390 senibus,

1293 2411 1388 2480 lilius
1412 2411 1696 2504 praeceptoribus
1717 2425 1751 2482 et
1763 2409 1934 2504 patribus
1953 2409 1991 2478 in
2013 2422 2084 2479 tam
2110 2409 2284 2506 frequenti

1294 2537 1478 2598 consessu,
1499 2537 1574 2584 non
1592 2537 1725 2587 verear.

1395 2609 1443 2685 Et
1459 2639 1540 2686 curn
1556 2637 1678 2706 causas
1694 2613 1866 2686 noveritis
1880 2636 2004 2682 ornnes
2014 2611 2168 2684 instituti
2178 2614 2288 2682 moris

1292 2709 1420 2802 huius,
1448 2743 1519 2810 quo
1535 2717 1635 2788 lucus
1648 2719 1789 2788 dicendi
1804 2717 1911 2788 alicui
1928 2741 1968 2786 es
1985 2717 2090 2784 nobis
2104 2715 2286 2800 tribuitur,

1294 2818 1366 2888 scio
1397 2844 1472 2889 nun
1502 2833 1573 2890 tam
1599 2820 1796 2891 orationem
1821 2820 1877 2890 vel
1902 2818 2036 2888 iudicio
2059 2818 2285 2902 elaboratam,

1294 2921 1350 2990 vel
1374 2923 1521 3014 politam
1545 2937 1675 2994 ornatu
1699 2923 1889 2992 verborum
1907 2945 2113 3014 quenquam
2131 2911 2280 2990 vestrim

1294 3025 1435 3094 anobis
1450 3026 1640 3120 requirere,
1666 3049 1772 3120 quam
1788 3024 1956 3096 delectari
1971 3024 2089 3092 studio
2105 3040 2279 3114 praestan·

1294 3130 1360 3196 dae
1382 3129 1623 3213 obedieutiae,
1649 3141 1685 3198 et
1709 3122 1765 3196 his
1786 3129 1830 3196 ad
1856 3125 2039 3196 excitanda
2062 3115 2213 3214 ingenia
2227 3149 2283 3193 no-

1294 3243 1364 3298 stra
1393 3231 1605 3322 comparatis
1634 3229 1819 3302 exercitiis.
1870 3225 2004 3298 Movco
2032 3240 2156 3296 autem
2185 3251 2284 3321 quae·

1293 3331 1445 3401 stionem
1467 3335 1512 3402 ‹lc
1533 3333 1659 3404 usitata
1678 3331 1848 3423 temporis
1865 3329 1979 3401 nostri
1998 3343 2032 3399 et
2046 3343 2196 3398 nostrae
2208 3353 2286 3420 geo·

1293 3434 1340 3505 tis
1368 3435 1636 3506 consuetudine.
1700 3431 1758 3507 An
1787 3433 1984 3514 restaliat,
2017 3433 2114 3524 quod
2142 3431 2287 3524 plurimi

1292 3553 1375 3628 pust
1396 3537 1522 3628 longas
1545 3539 1738 3607 multorum
1760 3537 1900 3606 dierum
1923 3531 2185 3619 helluationes,
2212 3557 2290 3602 cum

1293 3663 1421 3732 corpus
1445 3640 1572 3711 tentari
1591 3638 1815 3710 lluxionibus
1838 3635 2015 3718 sentiunt,
2042 3647 2079 3706 et
2099 3635 2289 3727 praecipue

1293 3743 1459 3828 catarris,
1491 3743 1645 3812 remedia
1676 3742 1734 3810 vel
1765 3765 1784 3812 a
1815 3763 1924 3808 venae
1954 3736 2159 3828 apertione,
2192 3737 2290 3806 vela

1293 3843 1490 3936 scarilicatu
1531 3845 1640 3928 cartis,
1694 3855 1729 3912 et
1766 3841 1885 3912 effusis
1921 3839 2115 3910 sudoribus
2154 3853 2291 3930 petunt,

1293 3969 1368 4014 non
1396 3947 1504 4016 semel
1533 3961 1638 4038 atque
1665 3945 1793 4016 iterum
1822 3942 2026 4023 annuatim,
2059 3943 2121 4010 sed
2146 3945 2291 4014 ereber-

1293 4049 1395 4119 rime.
1446 4047 1664 4120 Rationihus
1684 4047 1852 4116 videntur
1873 4045 2009 4114 moveri
2030 4044 2086 4114 illi
2103 4039 2162 4114 his
2179 4047 2291 4136 potis-

1292 4151 1441 4231 simum,
1468 4153 1563 4244 quod
1582 4149 1728 4242 reprimi
1742 4173 1783 4218 ac
1797 4147 1872 4217 sisti
1889 4145 2128 4231 defluxiones,
2151 4161 2187 4218 et
2204 4173 2289 4217 con-

1291 4252 1385 4323 sumi
1412 4267 1474 4323 aut
1501 4253 1630 4323 discuti
1656 4249 1812 4338 congesti
1837 4250 1875 4318 in
1901 4249 2226 4342 reliquampartem
2250 4273 2291 4318 ex

1291 4355 1425 4424 allluxu
1456 4350 1625 4424 humores
1654 4351 1876 4423 commodius
1907 4365 2101 4444 nequeant,
2136 4351 2211 4421 nisi
2237 4351 2290 4420 vel

1292 4457 1354 4549 qui
1377 4457 1497 4546 agitati
1522 4459 1687 4526 seruntur
1713 4477 1776 4547 per
1796 4453 1956 4522 membra
1981 4447 2167 4537 humores,
2209 4477 2291 4524 cum

1290 4560 1428 4628 doloris
1450 4583 1555 4628 sensu
1577 4559 1711 4628 affatim
1739 4550 2013 4639 exhauriantur,
2045 4555 2102 4624 vel
2128 4556 2193 4640 iis,
2227 4555 2290 4649 qui

1291 4685 1365 4732 sese
1389 4663 1427 4730 in
1450 4663 1607 4756 aliquem
1629 4662 1746 4730 locum
1769 4659 1981 4728 infuderunt
2004 4669 2039 4726 et
2065 4657 2291 4746 ingesserunt

1291 4759 1480 4850 humores,
1513 4763 1655 4855 patefiat
1679 4760 1811 4844 exitus,
1834 4759 1955 4830 incisis
1979 4758 2054 4828 cuti
2077 4760 2290 4852 patentiori-

1291 4867 1359 4936 bus
1379 4866 1618 4936 foraminibus
1640 4863 1854 4944 searificatu,
1878 4874 1913 4931 et
1934 4857 2154 4932 adhibeatur
2177 4861 2289 4933 suetis

1292 4969 1574 5054 cucurbitarum,
1607 4991 1675 5060 qaia
1698 4964 1910 5041 circumfusa
1933 4961 2039 5034 etiam
2062 4959 2288 5036 attrahantur

1292 5085 1325 5140 et
1348 5087 1555 5162 erogantur.
1608 5065 1655 5138 Et
1674 5067 1874 5158 refrigerari
1893 5065 1996 5139 aiunt
2012 5080 2121 5162 atque
2136 5069 2182 5138 ad
2202 5081 2290 5138 tem-

1293 5173 1426 5266 periem
1451 5173 1573 5244 reduci
1598 5171 1856 5242 inflammatum
1880 5169 1967 5238 vino
1990 5193 2138 5262 corpus,
2165 5171 2198 5240 si
2212 5191 2289 5239 san-

1291 5276 1409 5366 goinis
1427 5299 1509 5368 pars
1524 5275 1643 5370 aliqua
1660 5273 1851 5344 auferatur.
1902 5269 1972 5340 Sed
1989 5271 2115 5342 lallere
2129 5267 2225 5342 mihi
2239 5283 2287 5338 st-

1292 5401 1361 5471 que
1384 5380 1588 5449 oberrares
1610 5399 1696 5444 vero
1717 5367 1784 5444 boe
1807 5373 1963 5442 rationes
1977 5372 2156 5446 videntur
2171 5371 2288 5443 multi-

1291 5479 1442 5573 pliciter.
1494 5477 1582 5550 Fere
1605 5477 1719 5563 enim,
1743 5474 1806 5570 qui
1827 5499 1869 5545 ex
1884 5472 2039 5566 crapulis
2059 5499 2101 5546 ae
2118 5495 2287 5548 comessa-
