4666 6170
80 271 147 346 249

325 369 327 374 Ι
430 272 684 351 SCRIPTA
723 271 797 349 AD
831 273 1025 348 VITAM
1058 271 1135 352 ET
1168 276 1405 356 OBl'l'UM
1441 281 1741 364 MELANTll.

2034 283 2112 358 2⁵0

79 459 189 534 ,nnn
215 457 401 523 testentur.
447 446 560 524 Natus
573 463 623 521 est
641 451 678 519 in
697 449 830 542 oppido
846 446 1060 542 palatinatus
1108 451 1366 543 „Landgravio
1401 451 1644 550 notingus,
1692 454 1904 530 Marchione
1937 454 2105 542 lllisuiae,

79 551 143 638 „ad
162 542 334 620 Rhenum
350 545 490 637 Brette,
523 547 681 623 honestis
702 552 928 642 parentibus,
954 547 1059 622 Patre
1108 571 1173 644 „et
1194 553 1414 646 Burggravio
1438 559 1756 654 magdeburgensi,
1783 587 1864 632 rum
1888 557 2101 651 compleris·

77 643 262 744 „Georgia
278 641 558 738 Schwartzerd,
584 657 645 748 qui
668 655 736 726 iuit
752 651 923 744 Magister
938 677 1056 724 armo·

24 753 26 792 ³
76 779 171 840 ,mm
204 756 298 844 apud
331 751 591 826 lllustrissimos
615 755 816 848 Principes,
848 751 1055 848 Philippum

74 869 128 943 ,et
146 851 369 946 liopertum,
394 854 576 929 Palatinos
598 861 642 928 ad
659 854 850 944 Rhenum,
874 856 1055 930 Electores

24 999 25 1054 3
74 957 241 1050 ,lanperii
266 971 330 1031 etc.
353 958 474 1051 quiet
499 957 748 1030 Maximiliano
781 958 991 1054 Imperatori
1020 974 1054 1032 et

24 1133 25 1138 ,
73 1057 290 1153 „praecipuis
306 1056 521 1132 Germaniae
537 1063 760 1154 principibus
776 1077 922 1156 propter
940 1063 1054 1134 virtu-

73 1179 178 1252 ,tero,
206 1162 462 1252 integritatem,
491 1167 736 1256 prudentiam,
760 1178 796 1236 et
818 1179 930 1235 artem
951 1188 1053 1234 rarus

24 1281 26 1356 ῗ
72 1265 166 1354 ,tuis
194 1263 313 1336 Matre
328 1287 412 1340 vero
420 1260 599 1338 Barbara
607 1261 799 1353 lienteria,
824 1267 932 1338 Anno
945 1265 1053 1338 1497.

74 1370 149 1456 ,die
170 1367 305 1437 mensis
318 1364 505 1454 Februarii
533 1370 609 1456 16..
636 1365 722 1440 hora
738 1375 773 1445 7.
791 1393 906 1462 scrop.
923 1372 959 1446 d·
974 1381 1052 1464 post

76 1469 173 1558 ,solis
197 1493 361 1540 occasum
382 1471 530 1564 vesperi.
602 1469 802 1544 Arcessitus
825 1471 1050 1562 Vitebergam

78 1599 130 1660 ,es
156 1569 354 1644 Academia
387 1573 611 1664 Tubiugeusi
644 1577 689 1644 ad
721 1575 1050 1668 interpretationem

76 1697 232 1766 ‚graecae
256 1675 398 1766 linguae
417 1679 463 1749 ab
483 1675 726 1748 lllustrissimo
743 1675 910 1770 Principe
925 1676 1051 1748 Fride·

73 1779 163 1865 „rico
189 1777 296 1848 tertio
316 1773 414 1850 Duce
435 1779 628 1860 saxoniae,
662 1793 697 1850 et
723 1777 867 1872 lmpcrii
887 1776 1050 1850 Electore

72 1896 151 1966 ,ctu
167 1879 357 1950 conditore
381 1876 488 1954 buius
506 1879 736 1966 Academiae,
762 1885 807 1951 de
823 1882 972 1952 consilio
992 1879 1050 1950 lo-

72 1979 220 2070 „bannis
242 1977 436 2054 Reuclrlini
461 1985 601 2074 cognati
623 1985 710 2058 eius.
764 1983 872 2055 Venit
897 1983 936 2054 in
958 1980 1050 2053 hanc

70 2087 215 2173 „urbem
232 2081 339 2154 Auno
358 2086 469 2161 1⁵18.
483 2088 542 2157 die
555 2082 936 2178 25.·MeosisAugusti,
962 2081 1050 2156 hora

70 2190 201 2282 „prima
231 2189 485 2279 pomeridiana.
553 2188 607 2257 lbi
631 2185 811 2260 Lutherns
841 2189 947 2260 motis
978 2189 1049 2259 iam

22 2281 23 2292 ¹
70 2289 357 2378 ,controversiis.
384 2315 463 2362 cum
484 2291 648 2383 probaret
665 2293 848 2383 ingenium
867 2291 963 2372 eius,
991 2315 1047 2362 co-

22 2383 23 2394 *
69 2394 181 2488 „piam
198 2415 240 2462 ac
257 2392 458 2465 varietatem
477 2393 676 2481 doctrinae,
702 2411 735 2466 et
750 2393 875 2464 iudicii
890 2417 1050 2479 acumen,

70 2523 127 2584 „ac
155 2494 426 2580 rectitudinem,
460 2497 528 2566 sibi
556 2519 637 2565 eum
661 2499 834 2570 adiunxit.
894 2495 1048 2567 Uxorem

71 2600 167 2686 ,duri
173 2613 185 2668 t
195 2588 450 2668 Cathariuam
459 2590 626 2695 Croppin
642 2613 760 2670 natam
776 2623 818 2668 ex
834 2591 979 2668 honesta
996 2597 1048 2666 sa·

74 2703 183 2788 ,milia
209 2701 248 2770 in
275 2695 340 2770 lrac
363 2703 474 2781 urbe,
504 2697 740 2776 A11n01520.
763 2699 1048 2774 sictonensis

76 2801 310 2894 „Novembris
361 2798 416 2873 Ex
441 2797 507 2874 bac
530 2803 684 2893 suscepit
700 2804 792 2874 lilios
809 2804 899 2872 duos
913 2815 949 2874 et
963 2802 1047 2873 toti-

81 2911 163 2990 „dun
178 2907 281 2980 filias.
332 2904 507 2976 Filiorum
525 2903 702 2995 Georgius
716 2910 827 2978 altero
842 2931 936 2974 anno
952 2899 1048 2974 mor-

82 3023 164 3096 ,tuos
186 3022 253 3082 est.
305 3002 494 3100 Philippus
508 3004 605 3077 Patri
623 3010 817 3099 supervixit
830 3001 885 3100 ⁸¹).
936 3005 1047 3077 Filia-

75 3137 166 3194 „mm
196 3107 305 3182 Anna
345 3125 454 3202 nupta
494 3111 562 3182 suit
598 3108 755 3202 Georgio
782 3110 917 3182 Sabino
954 3106 1046 3178 luris

73 3217 272 3308 „utriusque
295 3213 445 3283 doctori.
495 3209 708 3303 Magdalena
725 3210 870 3305 Caspari
890 3209 1044 3280 Peucero

69 3319 169 3402 „artis
187 3315 346 3385 medicae
360 3307 519 3396 Ductori.

1107 673 1189 746 „set
1207 683 1320 728 annos
1337 659 1397 746 63,
1412 663 1486 730 dies
1501 665 1562 738 68.
1616 663 1746 736 Anima
1763 665 1898 734 fruitur
1908 673 2099 752 conspectu

1108 775 1171 847 „et
1198 763 1455 834 consuetudine
1485 765 1549 834 lilii
1576 765 1641 837 Dei
1663 763 1748 838 'cum
1775 763 1931 837 Ecclesia
1955 762 2098 834 coelesti

1105 917 1126 950 „
1136 862 1231 933 iuxta
1246 864 1395 936 dictum:
1423 861 1524 938 Beati
1541 871 1684 957 mortui,
1710 869 1773 965 qui
1788 869 1828 938 iu
1843 864 2001 938 Domino
2015 889 2098 934 mo·

1106 1019 1128 1052 „
1137 965 1290 1038 ciuntur.

1207 1111 1394 1200 „Exuvias
1407 1119 1599 1192 certissima
1613 1135 1648 1193 et
1662 1121 1862 1192 firmissima
1877 1143 1938 1212 spe
1953 1119 2095 1190 loturae

1103 1269 1125 1302 „
1133 1219 1402 1290 resurrectionis
1425 1223 1587 1294 condidit
1609 1218 1677 1294 hoc
1696 1218 1884 1318 sepulchro
1901 1217 2094 1292 Academia

1086 1316 1435 1412 ·„Witebergeusis,
1458 1325 1599 1395 solvens
1615 1323 1724 1410 Patri,
1747 1323 1915 1406 Patrono,
1938 1336 1971 1394 et
1985 1321 2094 1392 Prae-

1101 1423 1265 1512 „ceptori
1281 1425 1418 1515 optimo
1434 1427 1639 1498 fidelissimo
1656 1443 1691 1500 et
1710 1429 1890 1500 carissimo
1904 1423 2094 1518 gratitudi-

1102 1573 1124 1608 „
1134 1524 1191 1592 nis
1206 1539 1242 1596 ct
1258 1525 1399 1616 pietatis
1414 1529 1569 1598 officium
1586 1544 1815 1622 postremum.
1851 1527 1959 1600 Anno
1980 1525 2090 1598 1560.

1103 1626 1192 1712 „die
1205 1627 1334 1697 mensis
1353 1626 1489 1722 Aprilis
1501 1633 1563 1706 21.
1579 1631 1732 1706 Rectore
1747 1629 1958 1704 Academiae
1975 1628 2093 1702 Geor·

1102 1729 1189 1818 „gio
1206 1727 1378 1800 Cracovio
1398 1729 1425 1806 l.
1443 1731 1485 1806 U.
1503 1732 1656 1806 Doctore
1682 1749 1717 1806 et
1740 1736 1948 1829 professore.
1999 1730 2091 1801 Pro·

1100 1832 1321 1918 „sessoribus
1361 1829 1598 1926 Theologiae,
1635 1835 1748 1908 Paulo
1782 1833 1905 1906 Ebero
1934 1833 2093 1908 Pastore.

1101 1983 1123 2017 ‚‚
1133 1929 1289 2023 Georgia
1303 1933 1455 2010 Maiore.
1481 1933 1593 2008 Paulo
1611 1937 1743 2010 Crellio
1758 1937 1974 2010 doctoribus.
2001 1933 2093 2008 Pro-

1100 2037 1531 2142 „iessoribns'doctrinae
1564 2041 1664 2113 iuris.
1735 2040 1928 2112 Laurentio
1954 2037 2091 2108 Linde·

1100 2161 1267 2220 „manuo
1290 2140 1486 2216 ordinario.
1546 2139 1726 2214 loaclrimo
1749 2167 1769 2213 a
1791 2139 1911 2214 Beust·
1928 2136 2091 2212 lobanue

1099 2235 1403 2326 „Schneidewein
1422 2243 1640 2316 doctoribus.
1676 2241 2090 2316 Professoribusdoctri-
2164 2323 2170 2340 ι

1099 2359 1198 2433 „uae
1221 2343 1379 2416 medicae
1399 2342 1596 2418 Melchiore
1620 2345 1768 2418 Feudio.
1818 2343 1974 2438 Casparo
1996 2343 2091 2414 Peu-

1098 2469 1225 2535 „cero.
1277 2440 1436 2516 lohaune
1453 2445 1662 2518 Hermanno
1679 2449 1896 2520 doctoribus.
1946 2445 2091 2518 Proles-

1098 2548 1268 2630 „soribus
1284 2541 1537 2640 Philosophiae
1553 2564 1587 2621 ct
1603 2553 1804 2634 liberalium
1827 2553 1978 2631 artium,
2006 2547 2090 2620 Vita

1098 2643 1233 2733 „Ortel
1257 2645 1495 2721 Wiusbemio
1519 2653 1605 2723 artis
1628 2654 1783 2724 medicae
1805 2651 1971 2724 Doctore.
2024 2650 2090 2721 Se-

1099 2750 1289 2836 „bastiano
1327 2747 1565 2824 theodorico.
1631 2751 1799 2826 Mathaeo
1838 2749 2090 2842 Blocbingero.

1097 2851 1232 2942 „Petro
1248 2851 1450 2925 Vincentio.
1490 2851 1879 2948 EsromoRudingcro.
1930 2853 2087 2946 Casparo

1095 2952 1329 3046 „Crucigero
1349 2947 1518 3026 'iohanne
1532 2955 1783 3050 Bugenlmgen.
1817 2957 1974 3030 Henrico
1990 2955 2089 3026 Mol-

1097 3059 1214 3144 „lero.
1242 3055 1397 3130 Eusebio
1408 3059 1546 3147 Meuia,
1560 3063 1761 3132 liberalium
1777 3061 1921 3140 artium,
1949 3073 1981 3129 et
1997 3053 2088 3128 Pbi-

1094 3154 1307 3250 „losophiae
1330 3159 1522 3249 Magistris.
1587 3161 1634 3235 Et
1667 3163 1879 3236 Academiae
1912 3161 2087 3230 ministris

1093 3259 1271 3348 „Nicolao
1286 3259 1539 3355 Riseobergio‚
1562 3279 1596 3336 ct
1613 3263 1792 3337 Michaiile
1807 3264 1918 3336 Maio.
1963 3263 2085 3342 Auxm,

1093 3387 1245 3450 „meuse
1261 3378 1294 3434 et
1310 3365 1387 3450 die,
1411 3391 1484 3460 quo
1500 3367 1636 3459 supra.”

154 3417 352 3504 „Coniunx
385 3411 578 3488 Catharina
619 3418 766 3488 decessit
795 3441 836 3488 ex
870 3409 937 3486 hac
972 3415 1042 3486 vita

67 3519 187 3606 ,Anno
210 3515 320 3594 1557.
348 3519 405 3588 dic
429 3517 638 3592 11.Mensis
655 3514 843 3607 Octobris,
869 3543 948 3589 cum
967 3543 1042 3588 ma·
1196 3513 1330 3607 Pompa
1353 3515 1486 3587 funeris
1513 3519 1669 3592 breviter
1690 3515 1775 3590 haec
1800 3520 1886 3600 fuit,
1922 3541 2003 3588 nam
2027 3541 2084 3588 res

68 3625 168 3709 ,ritus
193 3625 327 3694 abesset
345 3619 593 3705 Wormatiue,
621 3621 748 3692 missus
763 3649 804 3694 eo
820 3625 865 3692 ad
883 3621 1043 3712 disputa·
1092 3619 1137 3697 ab
1161 3617 1240 3688 aliis
1262 3619 1482 3690 describetur
1499 3621 1693 3713 copiosius:
1719 3620 1912 3694 Constituti
1937 3621 2084 3692 fuerunt

66 3727 213 3810 „tionem
250 3723 447 3794 institutam
482 3725 622 3794 decreto
649 3724 800 3796 Senatus
828 3723 971 3816 lmperii
998 3727 1042 3793 de
1091 3745 1132 3793 ex
1158 3719 1421 3792 professoribus
1450 3723 1590 3814 collegii
1613 3719 1856 3817 Philosopbici
1885 3723 1946 3818 qui
1975 3723 2081 3792 eller·
2116 3725 2119 3740 '

64 3827 330 3912 „controversiis
346 3827 539 3916 religionis.
582 3825 659 3920 lpse
677 3822 865 3920 Philippus
882 3849 1041 3896 reversus
1091 3837 1188 3905 rent,
1214 3824 1259 3894 ab
1274 3818 1329 3894 bis
1345 3823 1454 3912 igitur
1468 3827 1611 3916 pullatis
1628 3807 1764 3898 indutis
1779 3827 1934 3896 vestibus
1957 3825 2081 3894 talari-

21 3941 23 4008 ἔ
64 3934 126 4014 „ad
143 3929 392 4009 Academiam,
419 3929 506 3999 vixit
522 3943 600 4020 post
615 3929 797 4019 coniugem
814 3930 851 3998 iu
866 3929 1038 3998 caelibatu
1090 3925 1176 4006 bias,
1209 3925 1330 4020 qaralcs
1350 3925 1580 3999 sacerdotum
1605 3943 1708 4012 suut,
1733 3943 1768 4001 et
1791 3924 1916 3998 babitu
1938 3927 2078 4018 reliquo

63 4057 188 4128 ,usquc
214 4033 252 4102 iu
276 4053 410 4100 annum
434 4029 597 4112 tertium,
624 4057 695 4126 quo
717 4032 784 4100 sub
804 4043 942 4102 noctem
960 4031 1037 4102 sesti
1090 4025 1238 4099 honesto
1263 4029 1418 4100 delatum
1441 4031 1597 4122 primum
1623 4033 1661 4102 in
1683 4031 1851 4124 templum
1870 4022 2078 4098 Paroclaiale

62 4137 136 4218 ,uie
151 4135 374 4218 Palmarum,
396 4147 436 4203 ut
455 4149 582 4204 vocant
598 4133 688 4204 febri
704 4149 904 4226 correptus,
930 4157 1036 4226 qnam
1087 4131 1211 4224 oppidi
1230 4129 1520 4221 Witebcrgensis
1542 4133 1632 4218 suit,
1660 4149 1694 4206 et
1712 4147 1794 4204 ante
1808 4133 1918 4202 altare
1935 4129 2078 4220 deposi-

62 4239 204 4318 „medici
230 4235 528 4306 iudicarunt-esse
550 4231 800 4332 ἡμιτριταῖον,
827 4237 1037 4328 tandemque
1088 4247 1183 4318 tum,
1214 4259 1285 4328 quo
1314 4235 1394 4304 loco
1423 4235 1524 4304 llexis
1545 4237 1694 4325 genibus
1718 4257 1818 4304 orare
1840 4231 1964 4302 solitus
1989 4245 2076 4314 erat,

61 4355 264 4432 ,superatus
281 4335 406 4408 morbo
422 4353 567 4430 propter
582 4339 858 4408 imbecillitatem
878 4337 1037 4430 corporis
1086 4360 1166 4405 cum
1182 4359 1352 4406 manuum
1367 4337 1604 4426 impositione,
1629 4351 1662 4408 et
1678 4335 1878 4426 precatione
1893 4355 2075 4404 commen·

63 4442 227 4520 „corriecti
253 4453 383 4520 aetate,
416 4441 527 4520 curis,
560 4455 593 4512 ct
617 4439 800 4510 laboribus
822 4441 972 4512 assiduis
996 4463 1036 4510 ac
1085 4432 1289 4532 daretur⁶⁸)
1324 4439 1477 4522 docendi
1512 4462 1642 4509 maanus
1669 4439 1707 4508 in
1735 4431 1891 4508 Ecclesia
1918 4435 2073 4526 legitime

62 4545 276 4622 ,diuturnis.
308 4541 479 4634 expiravit
513 4542 749 4630 placidissime
785 4567 864 4614 cum
892 4567 974 4612 vera
1001 4557 1037 4612 et
1086 4539 1236 4619 vocatis,
1259 4538 1310 4608 ibi
1335 4553 1413 4632 post
1430 4539 1666 4626 Psalmodias,
1692 4553 1725 4610 ct
1747 4539 1970 4610 accentiones
1985 4537 2073 4608 alias

62 4649 215 4726 „ardenti
232 4641 299 4716 Dei
316 4639 452 4729 Patris,
482 4643 566 4714 Filii
581 4659 614 4715 ct
629 4643 784 4736 Spiritus
800 4645 912 4715 sancti
932 4644 1035 4712 invo-
1084 4640 1205 4734 quales
1220 4641 1258 4710 in
1276 4643 1486 4732 vespertinis
1501 4642 1663 4734 precibus
1679 4656 1878 4712 nostrarum
1896 4637 2073 4710 Ecclesia·

59 4749 233 4832 aratione,
259 4743 326 4816 nie
342 4747 474 4836 mensis
489 4741 624 4838 Aprilis
648 4749 728 4836 19„
755 4749 950 4840 quadrante
968 4740 1035 4814 ho·
1084 4767 1162 4812 rum
1189 4743 1353 4832 usurpari
1375 4745 1508 4829 solent,
1535 4743 1660 4815 Pastor
1684 4741 1860 4816 Ecclesiae
1880 4741 2071 4812 Witeber-

58 4873 137 4928 „rac
157 4865 237 4921 aute
257 4847 441 4938 septimam
470 4849 745 4938 verspertiuam,
779 4845 887 4918 Auno
908 4873 928 4919 a
950 4861 1032 4918 nato
1082 4845 1198 4934 gensis
1213 4845 1257 4918 D.
1275 4843 1407 4915 Paulus
1429 4839 1567 4916 Eberus
1590 4847 1798 4918 concionem
1820 4842 1946 4916 habuit
1966 4846 2071 4914 surre-

58 4947 372 5030 ..Ctnts101560.,
413 4951 602 5022 acondito
628 4954 763 5022 mundo
792 4947 909 5021 5522:
958 4947 1032 5020 llas
1083 4949 1201 5032 brem,
1233 4947 1411 5036 explicans
1437 4943 1600 5040 Apostoli
1635 4950 1741 5020 verba
1774 4949 1812 5016 iu
1838 4943 1997 5038 Epistola
2024 4949 2070 5014 ad

61 5063 187 5130 „terras
200 5053 390 5124 clementer
402 5067 436 5124 et
449 5053 621 5123 loelicitcr
633 5055 850 5142 gubernante
865 5049 1032 5122 illustris·
1082 5043 1418 5120 Thessalonicenses
1455 5051 1567 5143 capite
1598 5051 1634 5126 4.
1665 5075 1755 5146 qttae
1784 5049 1907 5120 concio
1940 5049 2069 5126 editur,

59 5153 165 5230 „simo
194 5154 360 5246 Principe
390 5149 550 5243 Augusto
581 5145 680 5226 Duce
707 5154 899 5236 Saxouiae,
942 5155 1031 5224 sacri

58 5249 227 5332 „Romani
252 5255 396 5349 lmperii
417 5251 600 5342 Electore,
633 5273 667 5332 et
694 5251 1032 5352 Arclrimartclmllo‚

55 5401 265 5426 h———a

79 5471 119 5546 tu
134 5483 300 5554 abacos]
318 5481 369 5543 ea.
383 5481 411 5544 r.
426 5491 581 5554 meaa.
620 5463 622 5470 ’

1079 5237 1287 5256 ——u-

1112 5345 1158 5412 68)
1177 5361 1231 5411 pao
1245 5345 1305 5396 loeo
1322 5371 1355 5426 ².
1369 5347 1629 5427 commendaretur]
1649 5343 1731 5400 EM.
1748 5365 1833 5417 „euru
1847 5348 1874 5400 io
1890 5347 1995 5415 Ιοειιη,
2014 5365 2070 5420 epm

1148 5413 1330 5494 preocuprbere
1344 5431 1371 5466 m
1384 5429 1471 5482 genus
1485 5425 1514 5466 et
1526 5435 1605 5470 orare
1619 5413 1665 5496 alle
1678 5413 1797 5483 solebat,
1814 5419 1923 5487 quando
1938 5435 2069 5472 nraouum

1147 5491 1325 5555 surpcuuoae
1339 5491 1366 5538 et
1378 5483 1536 5554 metatione
1548 5483 1658 5540 solcum
1672 5485 1945 5542 concremabatur?
