4686 6172
254 275 331 356 su
832 245 1274 370 'Quausrronus
1313 267 1714 355 acaunutotn
2184 283 2240 364 su
2290 293 2291 326 .

250 444 418 532 mrloslon
441 467 513 542 quo
529 455 565 518 et
576 441 746 516 biliosum
763 441 803 516 in
819 471 967 542 corpore
981 461 1243 522 excrementum
1298 471 1340 518 co
1355 445 1447 517 facio
1466 443 1656 532 libentius,
1681 455 1723 518 ut
1744 420 1904 515 iuniores
1918 465 2039 516 senum
2053 450 2185 544 exempla
2198 453 2241 526 in.
2290 509 2291 542 ,

250 547 428 643 copiosius
443 561 527 622 ante
542 549 729 620 collectum
745 549 863 638 luerit,
889 565 924 622 et
938 551 1076 645 hepatis
1091 551 1246 644 languor
1298 560 1455 634 tuentes,
1481 549 1592 640 magis
1608 561 1728 619 ament
1744 547 1853 638 leges.

251 652 333 746 plus
358 652 527 738 creverit,
552 666 587 722 et
610 650 777 723 intestina
806 669 929 726 tenero
960 679 1066 726 sensu
1096 657 1245 727 delicata
1400 651 1501 724 Sicut
1519 651 1628 742 igitur
1649 650 1817 722 usitatum
1840 661 1910 735 est,
1936 645 2166 742 Quaestionem
2178 683 2241 752 pto·

251 755 452 828 erosionem
473 754 614 844 gravius
637 753 798 828 tulerint.
856 754 995 829 Caeteri
1020 760 1155 830 lructus
1178 758 1249 828 im-
1298 779 1448 847 ponam,
1473 755 1517 824 de
1534 778 1603 848 qua
1620 755 1686 824 etsi
1703 752 1902 844 amplitudo
1917 755 2242 849 causaciongauora·

251 857 402 944 maturi,
426 856 465 926 in
481 857 612 951 quibus
626 881 751 928 succus
771 881 904 952 aqueus
923 885 1003 932 cum
1022 861 1114 932 sicco
1131 877 1245 934 terreo
1299 857 1433 928 tionem
1450 857 1622 947 postulat,
1648 870 1766 928 tamen
1784 879 1847 947 ego
1867 855 2093 928 breviorem:
2112 859 2241 954 quiahoc

253 961 415 1030 nondum
437 959 549 1052 probe
573 961 758 1040 subactus,
793 975 830 1032 et
856 987 922 1033 nec
946 963 1063 1034 calore
1085 963 1170 1034 solis
1194 974 1248 1032 est
1299 973 1457 1051 tempore
1475 961 1611 1048 integra
1626 957 1811 1050 explicatio
1827 958 1965 1028 institui
1988 983 2059 1030 nun
2082 976 2189 1053 potest:
2217 979 2242 1040 et

252 1075 468 1142 maturatus,
516 1061 640 1132 eodem
680 1063 787 1132 modo
828 1067 1021 1137 crudorum
1061 1089 1245 1136 succorum
1299 1076 1417 1132 tamen
1434 1059 1726 1130 commonefactio
1744 1059 1843 1130 utilis
1860 1073 1923 1130 est.
1963 1057 2005 1130 lu
2020 1077 2129 1134 nostra
2141 1065 2242 1140 vicinia
2290 1115 2291 1118 =

253 1163 519 1235 coacervatione
549 1163 733 1237 materiam
763 1169 951 1257 praebent,
986 1186 1026 1239 ar
1046 1171 1246 1238 fomentum
1299 1162 1601 1236 Steuclseseldiani
1617 1157 1870 1234 Enthusiastae
1890 1163 2137 1252 vociferantur,
2155 1169 2242 1242 electis

254 1279 289 1336 ct
312 1265 496 1360 putredini
525 1277 558 1336 et
588 1266 701 1336 fluxui
726 1269 960 1363 dysenterico.
1021 1269 1247 1363 Quandoque
1299 1268 1534 1358 expectandos
1548 1265 1776 1336 essedivinos
1790 1265 1942 1346 afflatus,
1959 1261 2049 1336 nihil
2063 1267 2243 1361 ipsosagere,

253 1369 285 1440 si
307 1371 352 1438 ad
375 1367 540 1439 collectos
560 1379 663 1440 antea
680 1373 809 1440 crudos
825 1366 993 1444 humores
1015 1367 1054 1443 bi
1069 1375 1247 1456 accedant,
1299 1371 1359 1437 sed
1385 1381 1573 1438 tuncrum
1596 1392 1632 1436 se
1655 1369 1733 1459 rapi
1758 1368 1917 1438 sentiunt
1940 1368 2086 1455 invitos,
2109 1371 2242 1466 incipiant

252 1471 370 1541 febres
385 1471 592 1542 incendunt.
638 1469 865 1569 Quandoque
881 1478 926 1545 ad
941 1491 1055 1547 cutem
1073 1499 1248 1568 spargun-
1299 1471 1464 1540 invocare
1485 1465 1613 1540 Deum.
1652 1465 1707 1539 Ex
1738 1464 1803 1538 hac
1829 1467 2017 1540 Manichea
2038 1471 2243 1564 imaginatione

254 1585 315 1646 tut·
329 1573 459 1643 exclusi
474 1598 537 1666 per
552 1597 660 1643 venas
674 1589 819 1646 naturae
835 1578 969 1670 impetu
984 1591 1018 1650 et
1033 1577 1070 1646 in
1086 1569 1247 1672 ἐξανθή-
1299 1573 1465 1644 incidunt
1492 1573 1597 1642 multi
1621 1571 1659 1640 in
1682 1584 1869 1662 perpetuas
1894 1573 2140 1662 dubitationes,
2166 1577 2241 1649 multi

61 1699 63 1706 ’
117 1725 122 1734 ·
252 1699 355 1770 ματα
375 1690 587 1768 erumpunt,
611 1676 667 1748 vel
685 1677 730 1748 ad
757 1703 865 1750 unam
887 1681 1043 1775 aliquam
1058 1667 1247 1772 depellun-
1299 1675 1391 1746 fiunt
1408 1669 1595 1766 prophani,
1621 1674 1808 1764 indulgent
1830 1674 1898 1744 sibi
1916 1675 2041 1759 securi,
2066 1691 2097 1746 et
2109 1679 2240 1750 dieuntse

253 1793 313 1849 tur
333 1791 467 1870 partem
478 1831 488 1864 ,
499 1813 501 1820 ⁴
513 1803 619 1872 quarn
639 1780 677 1848 in
694 1793 871 1852 tumorem
894 1783 1072 1854 attollunt.
1125 1781 1245 1871 Quare
1298 1791 1419 1868 raptus
1434 1778 1515 1846 illos
1530 1790 1727 1868 expectare3
1756 1771 1811 1844 his
1826 1801 1971 1869 oppono
1985 1779 2111 1849 dictum
2125 1777 2239 1851 Nazian-

253 1903 380 1970 magna
407 1904 491 1951 cura
512 1881 698 1952 vitandum
728 1905 827 1953 esum
851 1887 1038 1956 crudorem
1065 1877 1244 1956 fructuum
1297 1879 1393 1949 zeni:
1429 1875 1560 1950 Omnis
1576 1879 1688 1948 virtus
1704 1903 1723 1948 a
1738 1877 1814 1950 Deo
1830 1893 1899 1960 cst,
1926 1881 2032 1952 datur
2050 1894 2152 1952 autem
2166 1881 2238 1954 iuvo-

253 1983 435 2068 existimo,
458 1997 493 2053 et
513 1983 619 2054 nobis
639 1985 757 2077 pueris
771 2009 812 2056 eo
829 1987 958 2078 magis,
982 1989 1080 2084 quod
1096 2012 1243 2078 corpora
1297 1981 1460 2054 cantibus
1475 1996 1509 2054 et
1524 1981 1776 2055 annuentibus.
1821 1979 1890 2052 Sed
1912 2003 2035 2074 graeca
2052 1985 2147 2054 verba
2163 1985 2238 2074 nagia

252 2101 373 2158 nostra
396 2099 507 2156 aetate
524 2080 641 2156 adhuc
659 2087 779 2158 mollia
798 2102 833 2158 et
854 2103 993 2175 tenera,
1019 2105 1053 2161 et
1070 2116 1111 2161 ex
1127 2085 1244 2184 nitidq-
1297 2087 1480 2176 perspicua
1515 2097 1614 2155 sunt:
1659 2087 1736 2156 πᾶν
1767 2077 1811 2155 τὸ
1843 2078 2145 2181 κατορθούμενον
2168 2081 2236 2182 uopd

253 2182 375 2286 φαγίᾳ
392 2187 510 2257 crudis
526 2187 669 2280 impleta
684 2184 896 2262 humoribus
910 2217 950 2261 ac
963 2195 1110 2274 defessa,
1130 2193 1244 2262 offen·
1297 2185 1391 2257 θεοῦ
1407 2183 1500 2272 ἐστὶ,
1527 2181 1677 2260 δέδοται
1692 2179 1734 2258 δὲ
1748 2189 1827 2267 τοῖς
1846 2183 2087 2280 καλουμὸτοις
2106 2184 2159 2261 eat
2169 2185 2230 2261 aba

252 2291 389 2360 duntur
410 2289 568 2370 facilius,
603 2313 642 2358 ac
665 2291 897 2381 periculosius
920 2293 1119 2376 laeduntur.
1171 2292 1241 2365 Sed
1295 2281 1458 2363 νεύουσι.
1514 2283 1683 2359 Moechus
1699 2313 1771 2358 non
1789 2289 1930 2360 differat
1953 2293 2229 2384 poenitentiario-

253 2417 322 2486 qua
337 2391 373 2460 vi
390 2391 530 2484 inquies
545 2391 640 2460 urcei
655 2392 776 2482 frigidi
796 2408 831 2465 et
853 2389 991 2465 humidi
1008 2396 1242 2467 exulcerando
1296 2415 1362 2460 nec
1389 2390 1538 2460 senserit
1568 2391 1650 2460 illos
1671 2386 1963 2478 Enthusiasmoa,
1999 2395 2123 2488 quibus
2145 2391 2233 2462 inritos
2290 2413 2291 2490 p

193 2555 199 2577 ,
252 2509 324 2563 tam
346 2494 540 2583 periculose
562 2495 721 2566 sauciant
747 2495 936 2584 intestina,
964 2513 1006 2570 ut
1030 2515 1065 2570 et
1084 2513 1241 2570 ramenta
1296 2491 1872 2581 transformetnrinsemiDeum;
1893 2493 2236 2567 sedomittensadulte·
2290 2491 2291 2546 i

251 2596 405 2686 insignia
431 2621 471 2665 ac
495 2595 640 2667 lacinias
664 2598 840 2690 pelliculis
860 2603 1040 2686 deterant,
1065 2617 1099 2672 et
1116 2602 1243 2672 caloris
1295 2593 1409 2680 rium,
1436 2609 1530 2687 petat
1545 2619 1615 2666 sea
1632 2594 1708 2666 Deo
1724 2595 1857 2682 iuvari,
1881 2610 1914 2668 et
1929 2599 2055 2668 dolens
2072 2623 2138 2668 non
2153 2593 2237 2666 indul·

250 2699 388 2768 febrilis
414 2721 555 2768 scnsum
589 2695 777 2785 invehant,
813 2715 848 2771 et
882 2718 1074 2793 provocent
1107 2717 1240 2774 tautam
1295 2712 1372 2786 geat
1386 2696 1624 2790 diffidentiae,
1651 2699 1712 2768 sed
1730 2719 1815 2768 voce
1832 2695 2022 2788 Evangelii
2046 2725 2081 2770 se
2102 2708 2237 2770 sustentet.
2290 2761 2291 2812 ,

250 2800 435 2890 sanguinis
458 2801 708 2891 eruptionem?
744 2801 987 2895 Respondeas
1015 2803 1095 2876 Non
1119 2809 1242 2890 suavi,
1295 2797 1364 2870 Hic
1385 2803 1474 2869 ordo
1496 2800 1661 2891 congruit
1681 2802 1726 2870 ad
1749 2801 1969 2888 doctrinam,
1997 2827 2085 2898 quae
2105 2803 2185 2872 iubet
2199 2821 2237 2868 ot·
2290 2853 2291 2860 ο

250 2925 315 2973 ιιοο
332 2903 446 2995 primo
463 2904 581 2972 statirn
597 2927 744 2974 occursu
763 2899 830 2976 hoc
846 2907 1022 2993 efficiunt,
1044 2910 1103 2978 sed
1122 2923 1243 3000 putre·
1276 2901 1366 2981 ,diri
1387 2899 1667 2974 Conversiouem
1689 2927 1709 2972 a
1733 2903 1844 2974 verbo
1861 2903 1962 2996 ¹Dei,
1987 2921 2021 2976 et
2042 2922 2150 2998 petere
2170 2900 2238 2972 auti·
2290 2941 2291 2978 3

250 3005 335 3074 diue
357 3005 527 3097 corrupti.
585 3003 677 3076 Nam
706 3007 793 3076 dum
823 3007 985 3098 largioris
1010 3023 1044 3080 et
1065 3011 1241 3082 crudioris
1294 3003 1395 3074 lium·
1447 3003 1530 3074 ideo
1554 3005 1701 3074 diciturt
1736 3003 1881 3096 Quanto
1910 3009 2023 3098 magis
2044 3009 2238 3079 Patervestet
2290 2991 2291 3008 ¹

248 3108 344 3178 succi
359 3108 460 3200 copia
476 3107 628 3178 calorem
642 3109 802 3180 nativum
819 3112 918 3202 priua
940 3111 1148 3202 languidum
1165 3137 1241 3182 am·
1274 3107 1452 3198 'coelestis
1473 3109 1573 3178 dabit
1589 3106 1763 3200 Spiritum
1785 3124 1946 3180 sanctum
1960 3111 2166 3202 petentibus;
2189 3125 2238 3173 non

151 3209 157 3226 ⁴
248 3209 343 3302 plius
358 3204 544 3296 hebetant,
568 3211 711 3281 tandem
727 3212 772 3280 ab
787 3235 829 3282 eo
846 3212 1008 3285 destituti
1030 3228 1065 3287 et
1082 3215 1241 3288 conclusi
1294 3208 1427 3308 inquit:
1457 3211 1754 3301 repugnantibus,
1780 3223 1815 3280 ei
1839 3211 1877 3280 in
1896 3209 2072 3303 Epicurea
2096 3209 2238 3280 securim

248 3313 410 3406 undique
431 3311 547 3382 calore
569 3315 800 3386 exardescunt
822 3315 939 3386 alieno
962 3329 997 3388 et
1020 3330 1239 3408 putrescunt.
1292 3313 1556 3402 expectantibus
1571 3305 1853 3388 Euthusiasmos.
1888 3311 2027 3404 Regula
2042 3315 2142 3406 igitur
2155 3327 2239 3382 tenea·

248 3411 320 3484 Sed
335 3413 428 3484 aetas
450 3427 571 3484 nostra
586 3438 651 3486 nec
675 3416 767 3508 capit
788 3408 854 3486 nec¹
871 3419 1071 3513 assequitur
1084 3420 1240 3511 explica·
1292 3426 1367 3483 tur:
1392 3411 1588 3484 Audientes
1601 3438 1723 3484 vocem
1739 3414 1842 3505 Legis
1858 3429 1892 3484 et
1907 3411 2105 3508 Evangelii,
2129 3413 2240 3484 veiifflfli

232 3515 383 3586 'tionem
399 3517 666 3588 accuratiorem.
705 3516 826 3609 Quare
838 3515 1083 3591 Clarissimum
1098 3518 1142 3592 D.
1160 3521 1240 3593 Do·
1291 3516 1543 3598 obedientiam,
1569 3529 1604 3586 et
1619 3530 1777 3607 petamus
1793 3518 1977 3594 auxilium.
2012 3519 2071 3591 Sic
2085 3533 2117 3590 et
2130 3513 2240 3604 inape»

247 3629 379 3688 ctorem
394 3632 596 3690 reverenter
610 3644 693 3704 oro,
718 3635 759 3692 ut
772 3621 946 3694 eruditius
968 3647 1045 3694 earn
1068 3637 1102 3696 et
1117 3625 1239 3720 copio-
1291 3618 1424 3712 calypti
1438 3619 1592 3689 dicitur:
1627 3617 1690 3690 Si⁰
1708 3621 1751 3688 ad
1772 3616 1928 3690 hostium
1950 3636 1986 3694 ei
2003 3621 2120 3714 milio,
2142 3618 2165 3688 ti
2186 3611 2239 3708 ‘lli’

246 3719 319 3791 sius
336 3721 558 3792 auditoribus
574 3722 732 3815 explicet
783 3719 878 3794 Dixi.
1290 3721 1391 3790 audit
1417 3745 1537 3790 vocem
1560 3745 1695 3807 meant,
1719 3735 1754 3794 et
1775 3724 1890 3815 aperit
1913 3723 2078 3812 ianuam,
2101 3715 2240 3812 ingrediar

1290 3823 1335 3892 ad
1355 3847 1446 3892 eum.

244 3964 269 3974 —-
285 3963 1239 3978 ...-.....„-.„...-.—..................„
1383 3924 1452 3996 Sed
1471 3937 1592 3995 contra
1610 3925 1789 4018 disputant
1805 3923 2069 4014 Enthusiastae‚
2094 3925 2241 3998 Mortuum

1289 4021 1383 4098 nihil
1411 4030 1507 4119 agit:
1532 4023 1696 4126 voluntas
1725 4027 1880 4100 humana
1911 4045 1961 4102 est
1992 4045 2142 4114 mortua,
2173 4017 2239 4094 nihil

257 4133 323 4205 Nn.
339 4131 401 4203 70.
1013 4137 1078 4219 (cn.
1100 4139 1192 4205 1557.
1203 4141 1238 4226 ?)
1289 4127 1400 4218 igitur
1423 4133 1512 4220 agit3
1545 4142 1579 4200 et
1604 4131 1763 4203 adsertor
1782 4131 1981 4202 similitudo
2007 4137 2051 4204 de
2072 4133 2156 4214 luto,
2177 4143 2240 4220 quu

251 4230 424 4258 Μ
962 4243 965 4252 ’
1019 4233 1231 4271 *⁶⁶⁹
1288 4232 1327 4300 in
1353 4233 1466 4324 capite
1486 4231 1523 4305 9.
1548 4234 1592 4301 ad
1618 4229 1802 4304 Romanos
1830 4235 2010 4308 recitatur.
2053 4235 2241 4314 ,Faunus

314 4349 345 4402 tn
361 4347 459 4430 select.
473 4345 597 4403 nectam.
613 4343 646 4404 Τ.
660 4345 709 4403 ΙΙΙ.
724 4347 809 4422 pult
822 4365 884 4422 sqq.
926 4345 1047 4408 servem
1064 4349 1114 4408 ut.
1133 4371 1161 4425 p.
1174 4353 1234 4410 794.
1288 4328 1379 4428 hanc
1394 4347 1526 4407 tautam
1544 4338 1784 4429 quaestionem
1801 4361 1874 4406 non
1890 4361 1989 4429 posse
2003 4339 2179 4432 explicare,
2198 4323 2240 4397 ted

224 4505 227 4514 .
347 4415 708 4490 ffl‘h‘ffinlissm·
1012 4447 1014 4454 '
1288 4447 1406 4506 tamen
1429 4437 1527 4507 illam
1559 4433 1844 4530 prophanitatem
1868 4441 1912 4508 de
1935 4454 2038 4532 raptu
2063 4427 2239 4532 expectando

1286 4539 1437 4630 probare
1451 4565 1525 4610 non
1542 4563 1700 4632 possum,
1725 4539 1941 4613 Remoratur
1963 4544 2058 4612 enim
2077 4530 2240 4612 eotrversio-

243 4588 424 4670 9¹⁴⁰²⁸ii⁰
436 4587 631 4677 W⁰P⁰⁸iia
649 4605 675 4656 α
687 4585 736 4656 D·
755 4581 1054 4658 Bullinum
1075 4587 1235 4660 Num·
1287 4663 1368 4709 nem
1385 4657 1418 4712 et
1433 4644 1605 4734 extinguit
1620 4643 1909 4732 consolationem,
1936 4661 1968 4715 et
1985 4645 2126 4715 abducit
2139 4643 2239 4708 mantel

242 4687 345 4778 siro,
372 4685 527 4764 docem
550 4693 783 4762 tuamensem
799 4689 1019 4762 themana»
1041 4695 1083 4764 s‘u
1101 4687 1233 4764 soboles

286 4843 304 4880 ,Α
584 4791 884 4864 ymggggwgmg·
1285 4767 1304 4812 a
1328 4747 1436 4817 verbo
1460 4743 1546 4826 Dei,
1569 4745 1613 4814 ad
1638 4749 1876 4836 quaerendam
1898 4763 2055 4818 nostram
2079 4743 2239 4838 puritatem,

1284 4869 1364 4916 cum
1385 4844 1492 4916 Fides
1513 4847 1654 4918 accedat
1680 4851 1723 4918 ad
1750 4844 1865 4918 Deum
1886 4849 1996 4919 verbo
2025 4849 2157 4928 innisa,
2187 4855 2239 4906 ποῦ

241 4928 435 5034 Utrunque
459 4965 515 5011 me
540 4951 700 5012 senectus
722 4939 841 5024 docet,
868 4953 901 5010 et
925 4940 1133 5013 modestiam
1157 4967 1231 5016 esse
1283 4961 1423 5019 nostrae
1441 4949 1600 5122 [ὲοοίιοῑί.
1653 4947 1790 5022 Usitata
1805 4964 1855 5021 est
1878 4951 1989 5046 igitur
2004 4975 2071 5021 vox
2091 4949 2239 5019 universae

240 5045 334 5114 inter
353 5043 641 5128 aliosdoctiones‘
662 5053 794 5126 tacere,
825 5041 854 5111 si
877 5043 999 5129 liceat,
1028 5043 1111 5116 etsi
1137 5045 1229 5135 leges
1281 5051 1411 5120 veteris
1476 5053 1637 5136 eclesiae,
1674 5054 1904 5144 praecedente
1938 5057 2051 5145 gratia
2084 5048 2238 5122 comitante

238 5145 403 5229 iubeant,
428 5145 561 5214 iustum
576 5143 732 5214 officium
748 5165 821 5214 esse
836 5147 1109 5238 obtemperare.
1143 5143 1227 5218 Non
1280 5151 1477 5230 voluntate.
1528 5153 1582 5226 De
1609 5147 1674 5224 hac
1700 5155 1780 5225 utili
1811 5157 2033 5248 quaestione,
2065 5179 2125 5226 oro
2147 5145 2238 5221 Revo-

237 5249 346 5334 igitur
367 5247 543 5317 iudicetur
558 5246 779 5339 impudentia
797 5269 887 5331 esse,
909 5250 1005 5342 quod
1022 5247 1060 5319 in
1075 5243 1141 5320 hac
1156 5249 1228 5321 sre-
1280 5257 1431 5324 rendum
1454 5257 1571 5327 virum
1594 5248 1759 5324 Paulum
1785 5253 1969 5339 liberum,
1999 5273 2109 5330 utine
2128 5245 2237 5324 etali⁰⁵

235 5347 381 5444 quentia
404 5343 623 5422 eruditorum
645 5347 897 5420 addicendum
918 5351 1071 5442 prodeo,
1097 5353 1159 5422 scd
1173 5353 1226 5425 le-
1278 5357 1416 5438 doceat,
1442 5375 1478 5430 et
1495 5360 1564 5428 iam
1579 5361 1810 5430 fundamenta
1828 5359 2072 5451 explicationis
2086 5357 2236 5428 monstret,

234 5475 318 5544 gum
340 5449 522 5524 autoritati
542 5475 665 5546 parere
688 5475 746 5521 sne
762 5447 930 5543 cogitate:
964 5455 1061 5548 quod
1078 5455 1224 5551 quidem
1277 5473 1317 5532 ut
1331 5460 1549 5534 dubitationi
1563 5475 1705 5536 nostrae
1719 5465 1911 5540 medeatur.
1962 5461 2058 5538 Dixi.
