4652 6178
233 224 309 298 tta

801 192 1228 316 ouauscronns
1281 215 1689 296 acanaurcan
2167 230 2224 306 ιιι

236 400 426 480 dederent,
451 418 488 466 se
503 397 644 467 turbam
660 397 759 468 illam
774 396 965 467 mulierum
980 409 1015 468 et
1033 417 1225 488 puerorum
1275 409 1416 479 ament,
1441 417 1594 489 quarum
1614 391 1771 484 cognitio
1796 405 1891 466 certe
1914 393 2025 466 lucem
2041 389 2150 472 multis
2165 423 2229 490 gra-

240 501 511 572 interiecturum
537 521 622 572 esse.
683 498 739 570 lbi
760 500 900 590 sapiens
922 495 1001 570 Rex
1024 498 1225 590 respondit:

238 597 336 674 Mihi
352 625 437 672 vero
461 623 507 672 ne
524 603 668 695 quidem
693 602 902 672 universum
916 623 1068 692 regnum
1085 599 1227 692 Neapo-

239 707 392 776 litanum
417 703 506 776 tanti
531 717 600 792 est,
623 718 663 776 ut
685 705 750 774 tali
772 704 993 776 crudelitatis
1014 703 1129 796 specie
1146 703 1228 771 vin-

241 831 318 878 cere
337 807 457 877 velim.
509 801 563 876 Ac
578 832 661 876 mox
678 808 777 878 dedit
792 809 980 888 mandata,
1005 819 1047 876 ut
1061 806 1118 876 illi
1132 805 1229 876 mul-

241 909 390 982 titudini
404 923 624 1000 parceretur,
649 923 684 980 et
699 910 803 980 iussit
818 933 894 979 eam
917 909 957 978 in
972 908 1099 978 vicinis
1124 907 1230 1002 oppi-

242 1013 298 1082 dis
312 1007 536 1102 hospitaliter
549 1011 673 1104 excipi.
725 1009 822 1083 Vicit
844 1005 932 1082 haec
955 1011 1145 1081 admiratio
1173 1010 1230 1080 iu-

242 1115 363 1186 stitiae
377 1114 580 1184 defensores
593 1115 734 1208 oppidi,
756 1127 891 1206 patres,
907 1113 1075 1199 maritos,
1100 1135 1231 1202 cogna-

1275 495 1431 567 vissimis
1461 497 1618 570 materiis
1644 497 1770 566 adfert.
1789 494 1805 508 '
1829 495 2010 570 Viderunt
2030 497 2229 594 Moscopulus

1276 614 1310 670 et
1318 595 1542 691 Philelphus,
1559 595 1651 696 πρὸς
1659 623 1740 669 cum
1750 595 1961 669 Accusativo
1977 625 2048 670 non
2064 626 2129 672 esse
2145 609 2230 696 apud,

1276 704 1336 772 sed
1354 723 1436 772 cum
1456 699 1607 788 Dativo,
1632 713 1673 772 ut
1686 697 1779 797 πρὸς
1793 701 1875 782 ταῖς
1889 697 2040 790 πύλαις,
2065 705 2149 775 iuxta
2164 731 2231 798 por·

1277 819 1349 889 tas,
1387 807 1483 896 apud
1505 801 1768 900 Thucydidem.
1826 801 1876 874 Et
1895 829 2030 896 semper
2057 807 2104 877 ita
2128 805 2231 879 Graeci
2280 875 2281 906 ,

1278 909 1487 1001 loquuntur.
1540 905 1689 998 Semper
1702 906 1808 976 etiam
1832 931 1913 976 curn
1929 907 2131 980 Accusativo
2147 911 2232 981 intel-

1279 1011 1397 1100 ligunt
1421 1003 1496 1082 Ad
1546 1003 1595 1080 Et
1609 1009 1754 1104 quidem
1777 1031 1879 1101 saepe
1896 1014 1941 1080 de
1963 1011 2132 1105 colloquio
2151 1037 2233 1082 usur-

1280 1125 1385 1205 pant,
1420 1125 1461 1184 ut
1487 1105 1708 1202 Xenophon:
1742 1105 1962 1210 διαλέγομαι
1990 1105 2079 1210 πρός
2106 1135 2152 1188 σε.
2199 1111 2234 1185 Et

123 1585 126 1590 .
243 1527 322 1596 iura
338 1523 573 1596 consideravit
581 1522 730 1615 Sparta,
750 1548 829 1593 cum
845 1523 997 1593 absolvit
1008 1517 1234 1608 Anaxilaum,

132 3981 141 3992 “
251 3966 346 4054 Νοιι
368 3976 590 4067 ingenii‘aut
612 3975 794 4046 doctrinae
811 3976 962 4056 fiducia,
988 3971 1052 4046 has
1072 3971 1163 4047 mihi
1184 3976 1241 4047 di-

242 1232 298 1290 tos
321 1215 419 1294 illius
440 1217 584 1304 turbae,
610 1241 690 1295 cum
715 1217 951 1312 lacrymantes
974 1217 1018 1286 de
1042 1216 1232 1286 moenibus

243 1332 443 1413 spectarent
462 1313 532 1388 hoc
556 1343 702 1410 agmen,
728 1333 763 1390 et
784 1319 1024 1409 intelligerent
1042 1317 1152 1408 Regis
1176 1317 1231 1387 iu-

244 1422 402 1508 sticiam,
435 1443 475 1492 ac
499 1423 617 1492 statim
637 1423 728 1492 facta
752 1434 804 1491 est
826 1421 974 1493 deditio.
1028 1417 1124 1492 Haec
1146 1421 1233 1490 belli

1281 1210 1531 1310 Tlrucydidest
1557 1206 1691 1312 λόγους
1713 1210 1908 1300 ἐποιοῦντο
1933 1210 2026 1311 πρὸς
2044 1209 2126 1297 τούς
2145 1237 2232 1311 σιρα-

1280 1313 1430 1416 ᾐιηγούς.
1469 1313 1702 1408 Moscopulus
1718 1313 1830 1406 igitur
1842 1319 2002 1410 quaerit,
2019 1319 2061 1388 de
2072 1317 2234 1391 locoloan·

1283 1419 1359 1508 nis,
1391 1419 1478 1515 quid
1500 1419 1547 1489 sit
1570 1413 1662 1514 πρὸς
1682 1411 1751 1491 τὸν
1775 1413 1882 1492 θεὸν.
1934 1416 1983 1491 Ει
2007 1421 2234 1512 interpretatur,
2280 1503 2281 1506 Ἴ

1282 1526 1479 1592 secundum
1503 1519 1632 1596 Deum.
1683 1519 1738 1592 Ac
1768 1517 1964 1590 Iohannem
1997 1523 2048 1594 sic
2080 1523 2234 1616 loquutun
2280 1599 2281 1612 ¹

1283 1645 1377 1706 esse,
1404 1623 1598 1710 existimat,
1623 1635 1663 1693 ut
1686 1621 1917 1713 significaret,
1944 1617 2059 1722 λόγον
2079 1647 2147 1694 esse
2169 1624 2235 1692 ima·

1283 1727 1401 1818 ginern
1416 1726 1550 1796 aeterni
1570 1723 1688 1817 patris.
1734 1723 1825 1796 Nam
1840 1736 1942 1817 saepe
1952 1721 2060 1823 Πρὸς
2074 1751 2148 1797 cum
2160 1731 2235 1796 accu'·

1284 1829 1397 1900 sativo
1415 1829 1587 1920 significat
1610 1828 1883 1913 convenienter,
1909 1843 1945 1900 et
1962 1832 2057 1922 apud
2073 1830 2235 1912 Isocratem,

1286 1935 1371 2001 dare
1394 1931 1548 2024 praemia
1575 1925 1667 2025 πρὸς
1680 1925 1724 2002 τὸ
1742 1935 1942 2027 προσῆκον.
1997 1929 2045 2004 Ει
2067 1933 2153 2023 apud
2172 1929 2234 2001 aa.

1286 2035 1463 2105 stotelem:
1506 2031 1639 2106 Civitas
1662 2032 1768 2105 situm
1794 2028 1924 2106 habeat
1946 2031 2041 2131 πρὸς
2062 2027 2185 2127 adria,
2209 2031 2231 2098 id

1285 2149 1353 2221 est,
1369 2135 1661 2221 convenientem,
1679 2159 1743 2226 pro
1758 2131 1868 2208 aurei.
1899 2135 1981 2206 Non
1996 2139 2152 2230 vitupero
2165 2134 2230 2228 equi·

1285 2241 1366 2308 dem
1384 2235 1476 2307 hanc
1491 2237 1693 2329 Moscopuli
1718 2237 2069 2331 interpretationem,
2096 2239 2162 2308 imo
2175 2235 2227 2306 dili·

1286 2340 1440 2431 gentiam
1455 2340 1584 2426 laudo,
1609 2341 1706 2434 quod
1730 2365 1811 2410 cum
1828 2341 1965 2413 videret
1989 2343 2027 2411 in
2044 2340 2178 2438 Syntari
2196 2337 2229 2406 la·

1287 2457 1359 2514 tere
1384 2442 1521 2537 aliquid
1542 2442 1680 2528 arcani,
1706 2445 1945 2536 qtraerendam
1971 2469 2046 2516 esse
2069 2458 2183 2515 certam
2202 2439 2232 2509 si-

1289 2545 1551 2637 gnificationem
1569 2546 1718 2618 cenauit.
2280 2627 2281 2638 ἵ

1392 2641 1623 2740 Philelphum
1639 2648 1744 2740 plane
1758 2647 1891 2733 reiicio,
1907 2649 1970 2742 qui
1988 2649 2077 2720 duas
2091 2658 2233 2734 corrupte·
2280 2669 2281 2694 ι

1288 2752 1340 2822 las
1364 2748 1406 2820 in
1429 2745 1498 2821 hoc
1521 2763 1618 2821 textu
1633 2750 1927 2821 comminiscitur.
1978 2749 2118 2822 Mavult
2136 2740 2234 2846 Λόγοι

1288 2853 1380 2924 verti
1396 2853 1589 2938 rationem,
1611 2865 1646 2923 et
1666 2847 1760 2948 πρὸς
1783 2853 2040 2945 interpretatur
2062 2874 2169 2946 penes.
2205 2842 2235 2917 lit

1288 2956 1436 3026 verbum
1469 2969 1543 3027 erat
1566 2979 1673 3046 penes
1696 2951 1833 3040 Deum,
1866 2955 1902 3024 id
1932 2968 2003 3042 est,
2037 2956 2077 3026 in
2105 2964 2235 3049 potestne
2280 2973 2281 2986 ¹

1290 3057 1373 3154 Dei,
1399 3071 1441 3128 ut
1458 3058 1624 3130 dicimus:
1651 3055 1761 3138 Liber
1781 3071 1834 3130 est
1852 3081 1961 3150 penes
1979 3083 2057 3142 me,
2082 3057 2191 3138 idest,
2210 3051 2235 3118 it

1290 3171 1459 3254 potestate
1483 3185 1573 3233 mea.
1633 3157 1714 3230 Non
1739 3160 2069 3253 interpretationem
2094 3155 2175 3230 banc
2194 3154 2237 3223 ad·

1276 3262 1414 3348 mitto,
1440 3277 1474 3334 et
1491 3263 1654 3355 vitupero
1673 3261 1869 3337 audaciam.
1921 3261 2072 3336 Constat
2087 3261 2187 3344 enim,
2199 3253 2237 3324 lo·

1005 3359 1239 3428 ³1·l³11·1544·
1290 3361 1446 3436 hannem
1464 3364 1597 3435 intueri
1615 3363 1770 3458 primum
1788 3377 1893 3456 caput
1907 3363 2050 3462 Moysi,
2074 3360 2187 3436 deDeo
2201 3359 2236 3427 le·

383 3501 387 3513 ·
571 3473 576 3488 ¹
1015 3454 1228 3490 Μ
1291 3479 1431 3562 quente.
1487 3465 1569 3538 Non
1602 3465 1711 3556 igitur
1733 3464 1955 3551 Rationem,
1979 3471 2044 3539 sed
2067 3466 2237 3540 Sermonem

325 3567 358 3625 ¹⁰
369 3565 530 3641 Quaesitor.
542 3585 569 3641 Ρ·
585 3565 699 3638 ⁵¹⁶¹t·
719 3575 744 3620 ²¹
761 3565 790 3622 ⁵¹¹
803 3565 910 3622 consil.
927 3565 995 3624 Met.
1011 3565 1041 3620 Ρ·
1057 3567 1077 3626 ¹·
1091 3583 1119 3636 p.
1131 3563 1189 3622 ⁵⁷⁷·
1290 3591 1354 3642 een
1376 3570 1524 3641 verbum
1548 3569 1663 3640 voluit
1682 3568 1853 3659 intelligi,
1878 3593 1959 3640 cum
1982 3571 2054 3656 ait:⁴
2077 3567 2117 3640 ln
2137 3560 2238 3661 princi
2280 3633 2281 3656 ,

1291 3672 1352 3764 pio
1378 3685 1454 3744 erat
1476 3663 1594 3771 λόγος.
1652 3665 1702 3742 Ει
1722 3672 1766 3742 de
1793 3670 1948 3743 Persona
1979 3661 2091 3764 magis
2111 3661 2238 3758 congruit

1292 3769 1424 3870 Apud,
1451 3797 1558 3868 quam
1584 3765 1711 3848 Penes.
1761 3771 1835 3844 Nec
1851 3797 2002 3868 usquam
2019 3773 2157 3846 Graecis
2175 3759 2240 3860 cpit

1292 3876 1465 3967 significat
1486 3877 1599 3960 idem,
1622 3877 1717 3970 quod
1736 3897 1864 3972 penes,
1886 3878 1983 3970 quod
2007 3901 2071 3969 per
2090 3869 2144 3948 ad
2166 3863 2238 3942 reddi

1291 3992 1416 4074 potest.
1467 3977 1539 4050 Sed
1556 3971 1685 4049 horum
1709 3977 1841 4049 iudicia
1862 3981 2037 4070 repetenti
2062 3979 2100 4048 in
2121 3987 2238 4046 mentm

252 4081 356 4152 cendi
380 4094 499 4173 partes
521 4103 643 4164 sumo,
674 4080 734 4148 sed
757 4073 1078 4172 uthonestissimis
1102 4075 1241 4150 Acade-
1291 4083 1409 4166 venit,
1441 4105 1514 4156 non
1540 4081 1724 4173 corntmpi
1752 4081 1964 4153 sententiam
1988 4077 2170 4164 lobannis,
2196 4067 2238 4140 sed

252 4183 346 4254 miae
361 4183 499 4272 legibus
513 4181 764 4274 obtemperem.
818 4177 871 4251 Ac
887 4204 1031 4273 prorsus
1047 4181 1096 4252 ita
1113 4183 1241 4262 sentio,
1291 4183 1482 4264 illustrari,
1509 4183 1537 4254 si
1556 4207 1780 4254 communem
1792 4181 1949 4254 Graecae
1963 4183 2105 4274 linguae
2123 4195 2238 4250 consut-

253 4281 321 4356 hoc
343 4287 460 4378 ipsum
487 4283 663 4365 officium,
693 4281 879 4366 videlicet,
908 4276 1067 4356 honestis
1103 4283 1240 4375 legibus
1292 4286 1452 4357 tudinem
1480 4309 1687 4380 sequamur,
1711 4309 1752 4356 ac
1777 4285 2037 4376 intelligamus,
2063 4279 2123 4358 καὶ
2144 4271 2240 4375 Λόγοι

255 4411 395 4482 parere,
421 4407 510 4481 quae
527 4399 678 4478 prosunt
694 4385 840 4472 studiis,
866 4385 970 4476 longe
994 4387 1109 4458 maius
1135 4389 1241 4457 decus
1290 4381 1338 4483 ἦν
1353 4382 1445 4486 πρὸς
1457 4383 1526 4462 eder
1541 4383 1653 4473 θεὸν,
1679 4383 1853 4476 Etsermo
1871 4402 1943 4459 erat
1963 4391 2007 4458 ad
2019 4385 2138 4460 Deum.
2169 4379 2239 4450 Haec

254 4514 345 4576 esse,
368 4513 473 4582 quam
492 4489 548 4557 vel
562 4487 758 4558 Pericleam
775 4489 1027 4582 eloquentiam.
1078 4485 1158 4558 Erit
1174 4489 1241 4579 igi·
1291 4491 1536 4585 interpretatio
1561 4504 1596 4561 et
1609 4489 1783 4561 Personas
1805 4490 1995 4576 discernit,
2022 4505 2057 4562 et
2080 4512 2147 4558 non
2168 4479 2239 4553 ocio-

253 4607 313 4665 tur
345 4587 579 4662 humanitatis
612 4605 768 4678 vestrae,
801 4589 956 4661 vicissim
990 4586 1058 4662 hoc
1084 4592 1239 4662 officium
1293 4617 1366 4664 sam
1392 4595 1601 4664 sententiam
1629 4594 1806 4677 continet,
1838 4595 1898 4662 sed
1920 4592 2195 4664 deliberationem
2215 4589 2239 4645 tl

255 4697 422 4788 probare,
449 4707 484 4765 et
501 4693 699 4764 orationem
717 4693 806 4764 boni
821 4693 1016 4764 consulere.
1293 4695 1511 4790 colloquium
1530 4695 1716 4786 significat.
1769 4693 1815 4766 Se
1831 4695 2026 4786 adspiciens
2042 4693 2141 4764 Pater
2154 4701 2239 4758 aeter·

357 4795 560 4888 Proponam
587 4795 697 4885 igitur
720 4795 964 4888 quaestionem
999 4810 1173 4882 veterem,
1206 4809 1241 4868 et
1290 4823 1378 4885 nus,
1403 4824 1444 4870 ac
1466 4821 1540 4868 sese
1562 4799 1808 4882 considerans,
1834 4821 2008 4868 acsecum
2029 4798 2182 4889 loquens,
2201 4783 2239 4874 gl·

256 4899 420 4990 agitatam
444 4924 462 4968 a
487 4898 628 4968 duobus
655 4899 868 4968 doctissimis
893 4897 996 4983 viris,
1028 4897 1241 4992 Moscopulo
1291 4903 1369 4992 gnit
1384 4902 1439 4972 sui
1463 4901 1665 4990 imaginem.
1717 4897 1783 4970 Est
1809 4899 1920 4991 igitur
1938 4903 1981 4970 ad
2005 4899 2117 4972 Deum
2141 4909 2238 4963 sermo·

256 5017 290 5073 et
308 4996 515 5092 Philelpho,
540 4995 601 5068 De
616 4996 823 5096 porticula:
851 4995 943 5096 πρὸς
958 4997 1026 5074 τὸν
1040 4997 1144 5075 θεὸν.
1185 4998 1241 5070 El
1291 5002 1388 5074 llaec
1404 5005 1580 5074 illustrius
1602 5002 1848 5094 significantur
1864 5003 2036 5094 particula
2062 4993 2136 5082 Ad,
2151 5008 2238 5086 squam

256 5099 401 5174 cardum
425 5111 503 5186 erut
526 5097 633 5198 apud
655 5097 790 5178 Deum.
842 5101 935 5175 Sunt
963 5118 997 5174 et
1019 5105 1089 5175 alia
1116 5104 1154 5173 in
1176 5103 1240 5175 illo
1290 5099 1600 5203 particulaApud.
1651 5103 1775 5198 Neque
1793 5119 1912 5176 tamen
1928 5104 1966 5174 in
1983 5095 2238 5174 lectioneusitata

254 5210 330 5298 ipso
349 5206 494 5274 exordio
512 5201 675 5290 loannis,
695 5230 786 5300 quae
803 5200 878 5274 sine
892 5207 1031 5278 erudita
1049 5203 1240 5276 Gramma·
1291 5209 1480 5302 quicquam
1502 5221 1622 5293 merto,
1655 5221 1836 5300 totamque
1865 5203 1956 5276 hanc
1989 5199 2237 5296 disputationem,

253 5311 322 5381 tica
345 5333 417 5377 non
436 5321 585 5398 possunt
605 5307 792 5400 explicari,
820 5309 914 5400 quod
934 5333 974 5378 eo
992 5310 1074 5378 dico
1089 5323 1128 5379 ut
1153 5311 1240 5379 ado·
1291 5314 1335 5380 ad
1357 5312 1579 5381 eruditorum
1608 5311 1739 5380 iudicia
1763 5324 1797 5380 et
1814 5333 1997 5378 censuram
2023 5307 2145 5376 deiero.
2186 5291 2238 5362 Nic

255 5413 425 5482 lescentes
443 5404 528 5480 haec
544 5409 747 5481 communia
763 5411 968 5499 linguarum
988 5411 1105 5483 studia
1130 5413 1240 5501 magis
1292 5413 1362 5483 alio
1387 5414 1536 5485 consilio
1559 5408 1645 5484 baec
1669 5410 1848 5496 recensui,
1879 5412 1949 5481 nisi
1978 5425 2016 5481 ut
2040 5403 2237 5478 ostenderem,

245 1627 308 1722 qui
324 1625 466 1720 publice
480 1639 660 1698 accusatus
675 1626 764 1707 tuit,
790 1627 887 1722 quod
904 1624 1062 1696 Bizantii
1080 1625 1232 1696 deditio-

245 1753 327 1800 nem
345 1728 493 1799 fecisset.
625 1819 629 1824 .
901 1739 903 1749 ’

346 1828 437 1903 Cum
453 1827 548 1900 enim
565 1828 699 1920 iudices
714 1830 899 1918 audirent,
925 1855 1006 1900 eum
1022 1854 1096 1899 non
1111 1831 1235 1901 fraude

248 1933 373 2004 iecisse
395 1925 633 2018 deditionem,
667 1934 727 2002 sed
748 1945 886 2004 motum
911 1933 1004 2003 tristi
1034 1933 1234 2026 spectaculo

247 2037 441 2108 multorum
459 2037 553 2106 fame
568 2034 819 2122 morientium,
846 2035 1133 2127 pronunciarent
1154 2059 1234 2106 eum

247 2140 339 2210 iuste
362 2138 501 2222 fecisse,
528 2136 611 2230 quia
633 2137 806 2230 tantisper
827 2137 1034 2208 defensione
1060 2140 1235 2208 utendum

248 2243 312 2328 sit,
336 2243 450 2312 donec
467 2239 601 2335 bellum
620 2255 672 2311 est
688 2265 768 2309 cum
785 2234 965 2323 hostibus,
992 2265 1066 2309 non
1088 2265 1168 2310 cum
1184 2239 1235 2309 ci·

248 2345 373 2430 vibus,
399 2357 433 2413 et
449 2366 530 2412 cum
544 2354 670 2411 natura
689 2337 887 2418 hominum.
934 2337 1012 2412 Etsi
1032 2341 1140 2432 igitur
1148 2339 1237 2411 Per-

248 2447 312 2517 sici
327 2443 442 2536 Reges
460 2439 591 2538 Bagra
606 2443 818 2525 laudarunt,
846 2459 880 2515 et
907 2443 1056 2535 posteris
1080 2443 1237 2538 praemia

248 2549 471 2628 tribuerunt,
496 2547 592 2642 quod
610 2548 752 2633 urbem,
781 2546 837 2616 cui
852 2549 1071 2640 praefuerat,
1091 2547 1237 2617 maluis-

248 2665 301 2722 set
323 2651 530 2736 incendere,
561 2663 595 2720 et
617 2649 655 2718 in
679 2675 720 2722 ea
742 2648 943 2721 universam
967 2649 1236 2720 multitudinem

248 2749 432 2824 hominem
454 2768 488 2824 et
510 2776 585 2822 sese
615 2752 768 2822 flammis
789 2755 959 2846 perdere,
993 2777 1101 2848 quam
1124 2753 1239 2823 lacere

249 2855 487 2942 deditionem,
510 2867 630 2925 tamen
646 2851 815 2950 Spartani
831 2855 956 2928 iudicii
981 2850 1240 2951 sententiabo-

249 2959 384 3030 nestior
400 2971 460 3032 est.
511 2957 620 3031 Dixi:

260 3190 1217 3212 ‚mma-*m

260 3355 326 3431 No.
342 3355 408 3431 td.

249 3451 420 3482 m

252 3729 453 3816 ouaeetio,
479 3726 796 3819 recitatooMup.
823 3722 1131 3820 sigismundo
1156 3727 1241 3798 Ge-

353 3831 449 3918 too,
479 3831 652 3924 Unparo,
679 3823 716 3898 d.
741 3823 805 3900 al.
829 3831 985 3900 Ianuar.
1017 3826 1127 3902 laet.
