4674 6162
104 281 169 358 ldl
899 271 1348 376 sustentasset„
1719 357 1722 364 ,
2070 305 2147 382 142

97 479 204 552 quor3
235 453 304 526 scis
321 479 386 546 pro
403 452 544 551 quibus.
596 455 737 532 Trihuo
754 461 836 556 plns
850 459 935 534 satis
948 453 1097 532 Hierar-
1150 455 1245 548 quod
1266 475 1333 546 ega
1357 478 1399 526 ex
1420 477 1462 526 eo
1487 457 1565 530 solo
1592 461 1749 536 iudicare
1771 490 1933 560 passum,
1965 477 2063 569 qnod
2079 503 2143 560 vos
2277 513 2283 524 ¹

97 556 194 630 chiae
219 557 449 650 pontificiae?
499 559 598 650 Quid
628 587 712 635 vero
735 563 881 634 tribuo?
931 560 1000 634 Fas
1021 585 1096 632 non
1148 558 1200 628 sic
1220 556 1404 646 iudicatis,
1438 583 1501 630 oro
1523 553 1632 636 huius
1660 567 1921 660 incogitantiae.
1987 575 2139 652 Posthac

98 674 144 732 est
160 659 281 732 dicere
295 664 438 754 qualem
453 662 544 734 serre
558 688 740 754 possemus
753 664 978 750 Pontificem,
1005 681 1040 738 et
1053 687 1095 734 eo
1148 683 1208 731 ero
1223 661 1371 735 cautior·
1414 655 1596 738 Hactenus
1610 669 1655 738 ad
1669 682 1766 754 ωδε,
1791 670 2018 768 Bullingere,
2040 683 2139 774 prio·

98 777 194 858 pacto
209 765 401 835 ostendere
420 787 513 858 quae
525 789 600 838 non
621 769 877 860 responderent
892 790 957 838 suo
973 765 1096 840 ordini
1146 786 1201 832 res
1216 763 1356 850 literas,
1388 761 1447 833 die
1462 760 1617 840 Paschae
1635 772 1680 840 ad
1695 797 1752 844 me
1767 774 1878 870 datas.

98 867 153 962 qui
177 865 372 938 Pontifices
396 869 591 938 vocantur?
643 867 709 942 Vel
734 870 885 964 impium
901 870 1096 956 estdicere
1247 862 1305 936 Aa
1333 865 1461 938 alteras
1489 881 1569 961 tuas
1595 872 1725 950 literas.
1786 873 1830 948 ln
1855 876 1911 950 his
1934 883 2136 974 plusculum

98 993 180 1062 quae
202 969 279 1038 sint
301 963 487 1038 christiani
513 965 670 1042 hominis
691 973 806 1044 officia
830 972 966 1047 etiamsi
987 996 1092 1042 nemo
1146 967 1256 1038 iratus
1279 993 1315 1038 es
1338 983 1372 1040 et
1388 989 1493 1058 grave
1508 971 1704 1064 {minitaris
1754 969 2053 1058 Commentarius
2070 983 2147 1074 illa,

98 1072 198 1142 luerit
221 1071 279 1140 vel
300 1093 375 1141 esse
400 1085 517 1162 posset
539 1068 597 1146 hic
617 1073 679 1169 qui
703 1076 767 1148 illa
790 1072 959 1169 impleat?
1008 1073 1092 1144 Non
1145 1066 1184 1138 ia
1212 1062 1379 1141 Galatas
1405 1072 1449 1142 de
1477 1097 1549 1167 qua
1582 1075 1773 1172 quereris,
1800 1101 1963 1177 exceptus
1989 1103 2042 1161 est
2072 1113 2137 1182 per

96 1173 320 1244 aedificamus
347 1172 523 1242 civitatem
547 1175 784 1268 platonicam,
817 1180 879 1250 sed
905 1175 1092 1269 prodimus
1143 1162 1305 1270 Caspar.
1337 1163 1574 1267 Cracr‘geram
1607 1183 1828 1272 praelegente
1853 1180 2022 1262 liuthero
2052 1207 2136 1265 ante

97 1276 352 1366 impudentiam
366 1298 506 1362 eorum,
528 1279 589 1370 qui
601 1279 794 1350 verbissihi
804 1293 968 1364 sumunt,
988 1300 1092 1370 posse
1142 1297 1257 1344 annos
1272 1290 1360 1360 tres,
1392 1299 1507 1366 nuper
1528 1285 1613 1352 ¹uero
1630 1285 1757 1358 editus.
1809 1285 1994 1365 Maledicit
2016 1289 2135 1364 chari-

96 1391 142 1450 tot
164 1373 342 1448 Ecclesiis
368 1378 567 1470 prospicere
593 1405 673 1452 cum
699 1393 795 1456 certo
822 1384 898 1452 sint
922 1381 1091 1452 omnihus
1142 1377 1205 1448 tati
1226 1391 1260 1450 et
1289 1380 1518 1462 concordiae,
1552 1399 1697 1476 propter
1724 1413 1830 1484 quam
1855 1399 2134 1466 conservandam

101 1481 209 1554 esitio.
264 1473 367 1550 Nihil
382 1493 500 1551 moret
517 1483 663 1575 quidem
679 1483 876 1556 multorum
892 1483 931 1552 in
947 1505 1014 1553 nos
1029 1483 1090 1550 in-
1141 1502 1280 1550 necesse
1300 1480 1346 1550 sit
1370 1481 1564 1570 periclitari
1585 1489 1733 1560 verbum
1759 1489 1838 1564 Dei.
1896 1491 1940 1566 ln
1960 1491 2027 1570 hac
2050 1523 2133 1568 sen-

104 1583 182 1652 ridia
200 1581 316 1676 inque
339 1573 407 1652 hoc
428 1584 628 1660 consilium.
680 1583 817 1656 Mirum
835 1609 941 1680 quam
958 1579 1008 1684 [l]
1025 1606 1088 1674 ego
1131 1581 1248 1660 ,tentia
1266 1581 1354 1675 quid
1368 1581 1494 1674 impii?
1529 1585 1598 1658 Sed
1616 1589 1916 1668 sacramentarios
1930 1599 2013 1670 sacit
2026 1601 2133 1672 talem

99 1685 191 1753 iatam
219 1683 398 1754 invidiam
421 1683 471 1756 sic
497 1689 627 1773 evado,
666 1703 837 1781 quantum
862 1689 1007 1782 quidem
1030 1710 1089 1756 me
1141 1684 1367 1756 concordiam
1395 1688 1573 1774 petentes!
1627 1690 1700 1778 Qui
1728 1710 1812 1766 sunt
1835 1696 2135 1776 Sacramentarii?

97 1781 265 1856 hactenus
288 1785 416 1856 rescire
442 1788 627 1878 contingit.
678 1785 736 1860 Ad
760 1803 1088 1884 quatumquemque
1140 1783 1206 1856 llle
1220 1784 1521 1858 sacramentarios
1538 1790 1724 1882 intelligit,
1758 1799 1826 1890 qui*
1838 1796 1931 1872 nihil
1946 1829 2052 1898 quam
2067 1831 2132 1898 pa.

95 1889 253 1980 pervenit
271 1881 340 1957 hoc
356 1888 570 1959 consilium?
598 1887 659 1962 -At
673 1917 777 1973 vera,
804 1891 852 1960 mi
869 1887 1089 1982 Bullingere,
1138 1911 1220 1956 uem
1237 1901 1272 1958 et
1286 1888 1402 1958 virum
1421 1889 1460 1958 iu
1477 1889 1705 1965 Sacramenta
1723 1921 1797 1968 esse
1811 1919 1964 1992 ponunt.
2024 1907 2131 1978 Tales

95 1991 348 2062 circumferunt
372 1989 518 2082 quidam
540 2006 741 2084 excerptum
765 1995 946 2087 quoddam
970 1997 1086 2062 exr'e-
1138 2013 1200 2060 vos
1223 1989 1413 2060 nonestis.
1473 1988 1576 2064 Nihil
1591 1994 1700 2086 igitur
1718 1993 1785 2082 hoc
1806 2005 1852 2074 ad
1875 2029 1949 2080 vos.
2001 2003 2130 2081 Atille

93 2113 218 2185 sponso
234 2083 414 2188 Philippi
424 2091 669 2186 depravatum:
695 2097 757 2166 sed
771 2119 853 2166 cum
871 2119 945 2166 non
962 2095 1009 2166 sit
1026 2093 1086 2162 in·
1137 2115 1204 2163 uos
1223 2086 1292 2162 hoc
1315 2092 1462 2164 nomine
1491 2095 1685 2188 intelligit?
1734 2097 1858 2192 Dolet,
1897 2109 1984 2200 quid
2008 2123 2129 2182 autem

93 2197 225 2283 solens,
267 2193 351 2265 illos
377 2215 489 2286 nugas
510 2195 751 2284 circumferre,
786 2220 849 2288 ego
875 2222 950 2268 non
977 2196 1085 2268 audio
1135 2193 1287 2266 faciam?
1340 2193 1413 2266 Vos
1438 2221 1580 2292 quoque
1604 2202 1690 2270 dum
1713 2204 1905 2280 lormisuti
1924 2208 2161 2304 Scripturas.

93 2298 148 2393 qui
174 2298 226 2370 ita
253 2311 477 2372 moveantur.
536 2293 585 2370 Et
600 2301 656 2370 cui
673 2301 763 2371 mica
783 2300 989 2394 aequitatis,
1022 2299 1085 2393 qui
1137 2310 1171 2366 et
1194 2295 1341 2368 Patruro
1364 2297 1584 2387 detrectatis,
1615 2303 1714 2374 aliud
1731 2305 1785 2374 illi
1809 2309 1966 2382 devobis
1982 2337 2129 2409 persua·

91 2401 215 2494 scripta
238 2413 360 2472 nostra
373 2399 515 2492 publica
531 2399 617 2492 legit
636 2405 680 2474 de
697 2397 754 2472 his
768 2403 854 2494 ipsis
868 2403 975 2474 rebus
990 2403 1085 2472 edita
1136 2400 1228 2468 dere·
1241 2424 1315 2470 non
1339 2423 1493 2492 possum.
1552 2401 1820 2497 Impugnandus
1842 2411 1951 2503 igitur
1973 2417 2041 2488 tibi
2055 2421 2130 2490 est?

89 2519 164 2574 ante
181 2515 216 2574 et
239 2516 321 2594 post
341 2503 422 2574 data
438 2502 500 2572 illa
523 2527 708 2596 responsa,
740 2529 786 2575 an
800 2506 844 2579 de
861 2505 967 2574 uobis
988 2503 1085 2574 iudi·
1136 2497 1270 2572 Verum
1287 2503 1315 2570 si
1331 2501 1437 2572 officii
1452 2503 1521 2574 mei
1539 2506 1585 2576 sit
1600 2507 1808 2600 impugnare
1822 2537 2038 2606 omneseos,
2064 2521 2128 2616 qui

89 2619 137 2676 cet
154 2631 194 2676 ex
212 2599 356 2674 schedis
373 2627 459 2696 quas
482 2605 736 2678 circumferunt
756 2605 923 2699 privatim
942 2600 1084 2676 hostes?
1136 2598 1225 2672 mihi
1246 2605 1290 2672 de
1313 2604 1393 2672 aliis
1416 2605 1509 2674 male
1532 2606 1689 2680 iudicare
1716 2613 1900 2704 videntur,
1934 2620 2056 2708 sisic,
2091 2638 2127 2696 et

89 2705 252 2780 Fuerunt
268 2701 398 2777 horum
414 2701 681 2798 Responsorum
698 2733 802 2780 cansa
827 2708 911 2778 irati
929 2707 1034 2778 nohis
1049 2719 1084 2776 et
1134 2725 1197 2774 vos
1214 2699 1305 2774 mihi
1326 2705 1560 2798 impugnandi
1583 2710 1699 2800 erltis,
1734 2716 1815 2808 quia
1840 2719 1885 2790 de
1906 2718 2066 2794 Luthera
2090 2741 2126 2798 et

89 2811 143 2880 alii
161 2808 314 2904 quidam
329 2805 434 2879 amici
448 2821 482 2880 et
495 2810 620 2880 fratres
636 2813 740 2900 longe
756 2808 1082 2890 observandissimi,
1133 2805 1213 2892 aliis
1228 2805 1391 2878 iudicatis
1407 2811 1504 2902 quod
1520 2810 1592 2881 scio
1606 2811 1704 2885 secus
1716 2809 1859 2896 hahere.
1909 2818 1961 2894 At
1978 2821 2122 2898 Christo

93 2913 167 3002 quia
184 2913 311 3006 itaque
326 2910 420 3000 apud
437 2909 518 2981 illos
531 2929 565 2986 et
582 2937 643 2983 vos
661 2915 784 2996 video,
809 2915 922 2984 nostri
941 2911 1082 2984 consilii
1133 2909 1220 2980 olim
1242 2909 1361 2980 iudice
1380 2909 1449 3002 ipsi
1472 2937 1615 3007 quoque
1637 2920 1851 3008 agnoscetis,
1886 2948 1992 3017 qnam
2017 2927 2124 3019 longe

102 3015 260 3084 udonem
296 3016 341 3084 de
361 3008 555 3105 Responsis
583 3015 660 3088 istis
684 3030 754 3087 tam
780 3016 872 3086 male
895 3029 1005 3102 stare,
1048 3027 1082 3084 et
1132 3011 1178 3082 ab
1197 3012 1298 3082 omni
1320 3012 1448 3106 pietate
1472 3013 1518 3086 sit
1537 3015 1633 3088 istud
1657 3015 1977 3114 quodLntlseram
1997 3030 2123 3104 scribis

97 3113 151 3184 illa
163 3115 197 3186 in
211 3112 368 3190 Francia
383 3137 509 3209 parum
525 3111 661 3196 adhuc,
687 3119 783 3213 quod
798 3117 943 3212 quidem
960 3115 1081 3202 audio,
1132 3113 1289 3184 dissidiis
1303 3115 1496 3187 excitandis
1513 3129 1550 3188 et
1563 3119 1727 3194 fovendis
1743 3137 1877 3198 natum.
1926 3125 2123 3224 Evangelio

92 3219 131 3286 ad
149 3217 186 3290 id
210 3219 395 3314 contenet
405 3218 450 3288 ad
480 3221 577 3312 quod
601 3223 683 3290 data
712 3233 816 3302 suut,
850 3211 973 3288 aialim
1004 3241 1078 3287 non
1131 3209 1267 3288 Christi
1286 3215 1366 3288 lesu
1386 3218 1571 3290 excitando
1601 3235 1636 3294 et
1661 3225 1816 3298 fovendo
1838 3242 1943 3302 natus
1967 3245 2038 3320 est,
2071 3237 2122 3308 mi

89 3319 175 3396 data.
227 3317 282 3392 At
297 3343 380 3390 vero
403 3320 460 3391 vel
479 3318 519 3392 in
540 3341 577 3392 se
593 3323 681 3392 adeo
695 3320 964 3393 malecousulta
985 3331 1080 3404 sunt,
1129 3315 1356 3410 Bullingere,
1392 3316 1429 3390 id
1460 3345 1588 3412 operae
1616 3324 1723 3396 etiam
1754 3331 1940 3421 praestitit.
2003 3333 2122 3430 lmpe-

89 3423 140 3492 rel
160 3435 286 3494 tamma
310 3421 486 3494 dederunt
508 3417 677 3496 Ecclesiis
701 3423 841 3504 damni,
878 3423 962 3518 qnia
989 3445 1080 3492 neu-
1130 3420 1262 3494 tentius
1286 3433 1412 3494 tractat
1431 3424 1652 3497 adversarios
1671 3429 1844 3504 tamsalsa
1866 3431 1935 3527 ipsi
1949 3437 2121 3531 opinione

87 3537 178 3596 trum
200 3538 424 3618 compertum
448 3518 582 3612 haheo,
612 3550 688 3598 non
709 3539 854 3621 apparet
884 3519 973 3596 mihi
994 3547 1079 3594 cau-
1129 3523 1283 3594 creditos
1313 3547 1421 3617 quarn
1453 3549 1567 3604 veros.
1640 3527 1720 3602 Hoc
1746 3545 1867 3608 tamen
1899 3561 2024 3610 verum
2057 3557 2123 3632 est,

83 3649 215 3698 ramex
233 3621 291 3698 his
306 3627 431 3708 luisse,
462 3651 527 3698 cur
545 3639 730 3722 tantopere
751 3651 934 3720 ungamur.
984 3623 1076 3696 Nam
1128 3624 1245 3717 ipsum
1278 3625 1371 3696 nulli
1403 3649 1562 3720 unquam
1591 3631 1726 3704 bellurn
1758 3635 1921 3710 intulisse
1953 3641 2121 3734 priorem.

83 3727 117 3798 id
132 3729 224 3800 l'also
238 3727 363 3800 salsius
378 3742 448 3816 rat,
478 3730 606 3824 cuique
620 3729 659 3800 in
677 3729 796 3802 Gallia
810 3731 993 3800 occasione
1010 3723 1076 3798 ho-
1128 3725 1344 3819 Provocatus
1358 3741 1410 3800 est
1425 3752 1446 3798 a
1460 3725 1631 3822 Papistis,
1661 3751 1873 3827 provocatus
1890 3753 1942 3812 est
1964 3767 1984 3814 a
1999 3739 2121 3815 Mun·

80 3853 158 3900 raro
174 3828 446 3922 Respoasornm
462 3831 598 3926 aliquid
612 3833 761 3924 periculi
776 3845 931 3904 creatum
956 3831 1075 3904 luisse.
1125 3851 1210 3900 zero
1230 3842 1265 3900 et
1285 3817 1570 3918 Caralaslade'o,
1603 3859 1683 3907 cum
1709 3863 1781 3934 quo
1803 3855 1838 3915 et
1856 3842 1969 3916 lacere
1982 3849 2121 3938 putavit

78 3925 126 4003 Et
149 3931 329 4028 siqnidem
352 3931 549 4004 Pontificiis
570 3927 655 4004 haec
678 3932 863 4028 Responsa
890 3957 965 4004 nou
988 3957 1075 4002 con·
1126 3927 1345 4026 Zeiagls'am
1371 3945 1407 4006 et
1427 3923 1778 4036 Oecolampadiam3
1811 3937 1877 4014 hos
1895 3946 1989 4018 inter
2001 3943 2120 4020 hostes

78 4035 278 4118 ceduntur,
313 4059 424 4130 quum
440 4035 589 4128 capitale
604 4035 712 4108 luerit
727 4061 819 4132 quae
838 4037 876 4106 in
893 4035 943 4104 eis
959 4035 1075 4106 conti·
1124 4031 1436 4108 Carolostadianos
1452 4029 1596 4125 hahuit,
1626 4065 1739 4135 quum
1755 4045 1861 4117 etiam
1877 4046 1975 4138 (licet
1995 4053 2119 4121 made-

78 4137 399 4230 nenturproliteri3
426 4139 626 4210 nansolum
638 4133 1073 4210 Lutheranumsedetiam
1124 4135 1229 4232 atius)
1251 4137 1388 4228 priores
1412 4151 1532 4212 tamen
1552 4145 1765 4216 sententiam
1784 4141 2026 4220 Ln'theranaro
2041 4153 2117 4222 vel-

76 4235 332 4312 Erasmianam
345 4261 439 4326 esse,
466 4239 540 4312 imo
556 4263 630 4312 non
647 4264 775 4333 purum
793 4254 879 4334 puto
895 4237 1072 4332 Papistam
1123 4239 1285 4314 licerent.
1334 4237 1402 4310 His
1418 4254 1536 4312 tamen
1550 4267 1626 4314 non
1638 4268 1765 4318 excuso
1779 4247 1848 4318 viri
1862 4248 2118 4344 impetentium,

77 4363 174 4427 esse,
208 4355 242 4416 et
257 4341 293 4412 id
309 4341 424 4414 modis
439 4343 606 4414 omnibus
624 4333 798 4436 profiteri,
829 4342 969 4413 satisad
987 4364 1072 4432 sup-
1122 4343 1182 4412 sed
1206 4341 1291 4436 quia
1313 4341 1386 4414 scio
1410 4339 1605 4416 Dominum
1630 4343 1746 4418 lesum
1767 4373 1847 4424 rura
1871 4373 1960 4442 pure
1975 4357 2116 4446 praedi.

78 4441 227 4532 plicinm
242 4445 323 4516 suit.
364 4441 487 4532 Nune,
511 4469 592 4518 eum
608 4467 684 4532 eas,
707 4446 769 4539 qui
783 4445 968 4536 sugerunt,
993 4441 1071 4514 Rex
1122 4457 1344 4538 casse.atque
1369 4445 1570 4536 praedicare
1591 4445 1823 4544 (exceptaque
1848 4452 1914 4525 ista
1937 4453 2114 4548 importu-

77 4559 225 4620 rerocat
261 4547 344 4618 data
374 4545 503 4630 venia„
541 4545 766 4638 excipiuntur
794 4544 1071 4620 sacramentarii.
1121 4545 1232 4616 nitate
1254 4545 1541 4638 inadversarios)
1563 4551 1669 4620 etiam
1690 4551 1829 4631 vivere,
1860 4557 2117 4651 quindenique

75 4639 126 4716 At
140 4641 732 4742 quaehuiusianostrisrespousis
747 4673 868 4735 cauea,
891 4672 972 4720 euru
983 4641 1070 4717 Phi·
1121 4659 1257 4720 tantum
1287 4645 1474 4718 universae
1500 4645 1679 4722 Ecclesiae
1706 4653 1782 4724 eius
1805 4656 1945 4730 labores
1970 4662 2114 4752 prolue-

74 4741 194 4841 lippus
209 4773 323 4822 meam
339 4749 465 4842 probet
485 4751 524 4822 in
540 4753 714 4826 sententia
729 4745 974 4822 Eucharistiae
991 4773 1070 4820 mo·
1120 4763 1227 4834 runt,
1258 4773 1323 4840 ego
1349 4773 1423 4818 non
1446 4773 1588 4842 possum
1617 4777 1691 4826 non
1715 4758 1919 4846 gravissime
1945 4761 2113 4854 accipere,

75 4841 293 4922 decetionem
310 4865 345 4923 et
358 4875 423 4944 ego
437 4855 664 4924 concordiam
681 4855 720 4926 in
741 4878 779 4924 re
802 4877 875 4926 esse
892 4853 986 4923 inter
1002 4875 1069 4922 nos
1119 4865 1280 4945 questu,
1305 4849 1532 4942 Bullingere,
1554 4849 1643 4924 mihi
1660 4858 1822 4954 alioquin
1838 4861 1982 4952 ingenio
1997 4882 2113 4952 natus,

74 4953 264 5040 profitear?
314 4951 385 5027 Sed
407 4955 493 5026 satis
514 4957 559 5026 de
582 4951 649 5030 his.
700 4952 750 5028 At
767 4955 893 5030 Gallos
916 4956 1067 5024 siueex-
1119 4955 1169 5024 sic
1185 4955 1294 5024 audes
1316 4953 1470 5023 seribere
1496 4955 1541 5025 de
1553 4951 1732 5045 Luthero,
1763 4963 1825 5056 qui
1849 4977 2033 5058 tantopere
2053 4967 2111 5036 in-

76 5055 235 5146 ceptione
249 5055 407 5128 lubricas
425 5069 460 5128 et
476 5057 619 5130 hallaces
636 5058 734 5132 sacis.
785 5057 868 5130 Scio
884 5069 918 5128 te
935 5057 972 5126 id
992 5079 1066 5126 nou
1118 5067 1224 5149 quam
1239 5052 1419 5127 Ecclesiae
1430 5051 1497 5126 Dei
1514 5061 1763 5134 commodavit.
1814 5061 1905 5135 Nam
1921 5079 1961 5136 ut
1975 5069 2020 5138 de
2035 5067 2109 5139 sola

75 5177 113 5226 u
126 5157 257 5249 spiritu
272 5151 408 5230 Christi
426 5159 552 5236 lacere.
603 5157 638 5230 ls
652 5159 747 5228 enim
764 5182 830 5230 nas
847 5161 967 5240 docet,
1000 5181 1086 5228 nos.
1116 5157 1279 5226 versione
1295 5153 1499 5228 Bibliorum
1521 5159 1665 5254 loquar,
1698 5177 1852 5257 quantus
1877 5168 1908 5238 is
1924 5161 2110 5250 thesaurus

74 5279 110 5327 ει
133 5274 262 5332 natura
288 5283 330 5330 ex
359 5285 471 5356 aeqrra
496 5285 618 5334 omnes
643 5262 800 5352 perditos
823 5285 915 5348 esse,
947 5262 1065 5350 ipsura
1115 5258 1190 5330 est?
1239 5255 1414 5328 Existimo
1429 5259 1597 5331 enimvos
1611 5287 1684 5334 non
1699 5265 1868 5354 inficiari,
1891 5293 1998 5363 quara
2014 5273 2108 5346 mul-

72 5373 187 5432 sotem
204 5363 250 5434 ad
264 5363 566 5454 regenerationem
583 5365 719 5434 nullam
744 5379 882 5454 gentem
899 5362 1063 5438 abiicere.
1114 5373 1149 5432 ta
1165 5361 1204 5430 in
1221 5376 1334 5432 restra
1352 5363 1514 5432 versione
1530 5365 1728 5436 desiderata
1742 5391 1881 5462 semper
1894 5371 1978 5458 sint,
2002 5373 2108 5446 etiam

72 5459 239 5542 Attamen
272 5465 356 5560 quia
390 5489 548 5560 peccasse
579 5467 668 5538 adeo
697 5461 755 5540 hic
788 5467 893 5538 nobis
926 5465 1063 5552 videor,
1113 5463 1159 5536 ab
1179 5464 1256 5558 ipsa
1280 5459 1581 5562 Oecolampadio,
1621 5481 1657 5540 et
1674 5481 1828 5573 utnunc
1847 5473 1951 5544 rideo
1969 5473 2110 5572 abipsa
