4638 6172
72 275 140 354 495

73 451 147 548 lpse
161 465 264 545 pater
277 452 370 524 vitae
388 473 531 522 cursum
550 447 797 520 moderabitur
805 446 972 532 omnem,

96 605 101 612 -
118 555 191 627 Nec
208 557 353 627 fortuna
369 554 440 626 tibi
456 577 558 624 saeva
574 576 702 624 nocere
718 565 843 644 potest.
896 547 900 554 ’

95 899 159 973 No.
177 899 240 976 ³6.

82 995 250 1029 m

700 901 840 984 (sonasse
858 923 908 969 au.
928 899 1041 982 1524.)

662 1001 1060 1036 *md

823 262 1149 350 CARMINUM
1189 264 1296 342 LlB.
1338 265 1365 342 l.
1412 287 1417 292 ·

2040 275 2117 352 tot

1122 436 1164 511 Si
1177 433 1374 536 Phrygium
1390 439 1496 511 discis
1511 401 1675 516 dieinnm
1691 468 1833 520 carmen
1847 443 2007 540 Erasme,
2115 465 2124 472 “

1172 541 1339 614 Moribus
1356 555 1390 614 et
1405 544 1617 635 linguatum
1632 572 1732 640 mage
1750 551 1867 623 cultus
1881 553 1961 625 eris.

1119 638 1313 716 Phaeacios
1329 645 1420 744 alius
1437 647 1557 719 forsan
1576 649 1776 724 laudaverit
1791 647 1926 742 hortos,

1169 745 1240 820 Hic
1254 743 1345 820 mihi
1362 751 1557 841 fragrantes
1573 746 1693 848 Phryx
1708 756 1780 828 olet
1795 780 1874 828 ecce
1889 781 1999 834 rosas.

1082 938 1084 944 Α
1117 846 1286 922 Moribus
1302 847 1468 924 humanis
1486 877 1592 946 quam
1610 858 1722 947 prosit
1737 857 1847 930 tincta
1863 859 1983 954 lepore

1168 949 1304 1026 Fabula
1320 956 1350 1025 si
1367 957 1480 1026 nescis
1494 951 1616 1052 Phryx
1631 959 1698 1030 tibi
1714 959 1814 1034 testis
1834 962 1911 1036 erit.

137 1121 219 1202 Apud
233 1119 373 1176 Seseriuru
392 1130 420 1175 et
440 1119 469 1176 iu
488 1139 553 1195 opp.
566 1120 648 1178 uuit.
666 1121 701 1178 Τ.
715 1120 749 1178 V.
768 1139 797 1194 p.
810 1120 870 1178 840.
906 1121 974 1177 ltem
993 1121 1066 1194 apud
1116 1161 1339 1176 -.........

173 1195 300 1248 Vsuceut.
319 1209 347 1260 p.
362 1189 404 1246 to.

70 1349 291 1426 Beuedlclt'o
327 1370 490 1424 mensae.
544 1350 598 1433 (lu
631 1377 720 1420 usum
762 1379 888 1421 suorum
929 1355 1066 1440 discipu-

499 1458 630 1540 lorum.)

67 1609 132 1683 llis
148 1606 264 1701 epulis
284 1605 458 1700 donisque
474 1604 544 1675 tuis
563 1604 765 1676 benedicito
779 1601 932 1693 Christe,

117 1713 168 1786 Ut
183 1715 328 1782 foveant
346 1710 442 1778 iussu
458 1731 606 1800 corpora
623 1708 711 1778 fessa
733 1725 807 1782 tuo.

69 1816 148 1888 Non
164 1815 228 1884 alit
244 1813 281 1880 in
297 1811 413 1901 fragili
428 1812 529 1902 panis
548 1811 655 1879 modo
672 1835 819 1902 corpore
835 1811 961 1898 vitam,

113 1919 241 1992 Sermo
257 1930 340 2006 tuqs
361 1915 452 1985 vitae
467 1927 625 2004 tempora
644 1912 749 2004 longa
767 1915 863 1988 iacit.

75 2123 671 2140 fflffl—--a—

71 2257 222 2383 Q.

833 2351 1056 2382 m

135 2469 166 2525 ln
178 2483 244 2539 opp.
260 2460 329 2518 stet.
345 2456 428 2513 baril.
444 2456 478 2512 Τ.
493 2459 527 2511 V.
546 2475 574 2530 p.
587 2456 648 2512 240.
663 2465 689 2512 et
704 2455 777 2529 apud
791 2455 922 2514 Vinceut.
941 2476 970 2530 p.
987 2460 1027 2514 tt.

163 2629 387 2704 Gratiarum
405 2624 504 2692 netto
519 2628 604 2712 post
624 2615 747 2690 cibum
762 2625 966 2710 coemptum.

312 2730 495 2812 (Discipulis
508 2733 572 2791 auis
585 2724 793 2811 praesoripte.)

72 2889 258 2984 Postquam
293 2880 409 2974 epulis
435 2891 569 2948 exemta
595 2879 724 2962 fames,
765 2897 976 2969 mensaeque
1003 2900 1057 2947 re-

578 2993 706 3061 motae,

117 3093 283 3165 Dicemus
298 3098 411 3176 grates
423 3105 489 3151 nos
506 3081 572 3150 tibi
594 3103 730 3149 summe
739 3075 854 3169 pater.

75 3199 147 3271 Non
167 3193 254 3265 haec
270 3185 445 3260 humanas
463 3185 555 3254 vires
572 3183 739 3253 alimenta
756 3181 943 3262 iuvabunt,

118 3297 252 3372 Divina
268 3294 298 3362 si
316 3313 388 3360 non
406 3285 473 3358 hae
489 3287 677 3356 foveantur
693 3306 771 3374 ope.

75 3404 228 3496 Namque
246 3411 308 3469 tuo
321 3393 449 3464 vivunt
461 3389 590 3476 agitata
605 3411 624 3458 a
639 3385 795 3457 Numine
812 3398 949 3474 cuncta,

118 3503 266 3580 Adllatu
281 3495 419 3589 spirant
435 3504 581 3574 cuncta,
605 3490 796 3582 valentque
812 3499 886 3556 tuo.

72 3609 169 3684 Nunc
185 3604 292 3676 etiarn
309 3596 416 3690 gratis
434 3594 562 3664 animis
577 3593 746 3662 alimenta
765 3589 940 3673 ministra,

116 3709 235 3803 Atque
250 3698 443 3774 immortali
459 3710 598 3788 pectora
616 3717 717 3786 pasce
736 3691 829 3765 cibo.

74 3813 113 3890 Et
129 3813 212 3908 quia
228 3829 311 3878 rura
328 3813 543 3883 semustas,
570 3820 635 3866 tros
652 3809 751 3888 pater
765 3793 899 3884 optime
919 3817 1032 3877 serva,

119 3915 164 3988 Et
180 3909 298 3984 studia
315 3918 349 3975 et
365 3903 455 3974 vitae
472 3915 630 3991 tempora
646 3911 771 3968 cuncta
788 3917 881 3986 rege.

74 4019 231 4110 Cumque
243 4007 365 4104 epulas
381 4003 521 4075 dederis
538 4026 657 4072 rerum
676 4013 775 4092 pater
793 4000 926 4089 optime
941 3997 1058 4083 uobis,

114 4120 220 4196 Adde
235 4111 350 4208 epulis
366 4108 459 4178 vires
474 4129 539 4198 pro
555 4104 713 4176 bonitate
729 4116 788 4172 tua
805 4094 853 4194 ³).

141 4311 151 4322 .

92 4459 159 4531 No.
176 4454 238 4530 88.
847 4441 913 4522 (⁸⁰-
934 4441 1045 4522 ¹⁵25)

839 4535 1053 4572 Μ

135 4675 167 4730 ln
184 4689 250 4746 opp.
264 4665 346 4726 uait.
366 4666 401 4726 T.
417 4663 449 4722 V.
469 4683 495 4736 p.
509 4659 570 4716 855.
582 4667 609 4713 ct
622 4655 693 4729 apud
708 4653 836 4710 vincent.
855 4671 885 4727 p.
901 4655 954 4708 iio
965 4672 1007 4725 sq.

93 4841 139 4908 la
163 4835 351 4926 Aesopum
373 4830 609 4924 epigramma
635 4814 810 4892 Ebuero
837 4819 1032 4908 scriptum

70 4983 220 5058 Nomine
233 5003 324 5078 quae
337 4971 483 5070 sophiae
499 4995 536 5054 se
553 4965 676 5038 vendit
692 4965 795 5036 turba
812 4965 967 5058 superbo

118 5086 193 5162 Ore
208 5095 338 5157 sonant
352 5079 485 5171 tragico
501 5072 637 5144 somnia
655 5067 816 5141 ridicule.

71 5185 157 5264 Ecce
174 5189 262 5262 iocis
275 5179 454 5280 Phrygius
468 5179 554 5248 dum
576 5173 698 5244 condit
713 5169 822 5254 seria,
846 5179 1018 5262 punctum

116 5291 237 5368 Omne
252 5287 337 5362 tulit
357 5287 507 5356 miscens
521 5277 686 5348 dulcibus
704 5273 817 5344 utilia.

69 5423 258 5446 *hu—unu-

102 5483 128 5550 ⁸t
144 5485 211 5544 Duo
227 5499 321 5546 serm
334 5475 423 5534 altini
438 5475 467 5532 ia
480 5471 563 5533 basil.
575 5469 704 5538 teanum
713 5476 794 5536 pest:
818 5465 1037 5522 meratenam.

1139 1288 1208 1364 No.
1224 1290 1288 1367 59.

1124 1385 1298 1418 Μ

1893 1301 2105 1436 Q

1185 1505 1217 1560 lu
1240 1507 1345 1576 lrmg.
1360 1503 1466 1562 Seesrii
1481 1515 1508 1560 et
1521 1505 1549 1562 iu
1562 1526 1580 1562 o
1600 1523 1627 1576 p.
1644 1507 1712 1565 Mel.
1726 1509 1788 1567 Bas.
1805 1510 1839 1568 T.
1851 1512 1884 1570 V.
1901 1532 1929 1588 p.
1941 1513 2003 1571 858.
2036 1516 2109 1570 Item

1217 1578 1290 1647 apud
1304 1579 1433 1632 vincent.
1453 1595 1479 1646 p.
1503 1576 1565 1633 ttt.
1591 1590 1708 1650 aguntor
1729 1581 1851 1652 quinque
1871 1585 1994 1640 carusius
2008 1583 2109 1641 iurari·

1217 1658 1291 1770 ptqp²
1300 1650 1364 1716 „nd
1375 1645 1648 1768 Regepnbpuerpmfl'
1682 1647 1764 1732 Upus
1776 1649 1850 1733 enirn
1864 1669 1894 1705 ex
1907 1653 2014 1724 pueris,
2037 1653 2109 1724 apud

1216 1717 1454 1842 citabiiliriimlle
1464 1718 1630 1856 ²qtiltniiiiiiid
1643 1717 2108 1847 p:bt::¹t'cus·ultteb⁸tpismrg:hqpnelffiffl

1214 1853 1306 1910 tbouis
1328 1855 1356 1907 io
1373 1871 1415 1924 ep.
1436 1852 1469 1906 ed
1486 1851 1622 1906 Gamerae.
1656 1852 1718 1910 Vol.
1738 1853 1758 1912 l.
1784 1875 1811 1928 p.
1830 1858 1909 1928 722,
1932 1859 1978 1915 ubi
1998 1861 2107 1916 scribite

1212 1921 1333 1997 „Nuper
1351 1923 1382 1978 ἐν
1402 1921 1435 1996 τῇ
1454 1915 1567 1988 Μάγων
1585 1921 1658 1990 (lest.
1678 1921 1824 1996 Epipban.)
1848 1945 1889 1981 es.-
1911 1945 1990 1983 more
2008 1947 2107 1996 regem

1215 1995 1295 2047 domi
1311 2001 1428 2046 nostrae
1438 1993 1534 2056 pneris
1544 1992 1710 2050 vestimus.
1745 1993 1828 2048 Forte
1840 2003 1866 2049 et
1880 1997 2028 2054 advenerat
2040 1997 2088 2052 lisl

1215 2061 1363 2144 lerbedusq
1385 2069 1410 2115 et
1426 2059 1542 2141 lata-lex
1557 2069 1613 2124 est,
1638 2071 1683 2130 ut,
1707 2062 1812 2144 quoties
1830 2063 1967 2120 habentur
1980 2026 2108 2138 contria?

1216 2147 1431 2253 appan-qunquq
1442 2137 1574 2223 rcrpptum
1587 2127 1702 2186 adterat.
1736 2132 1844 2190 vectori
1857 2136 1993 2210 προεδρία
2009 2137 2106 2193 decer-

1116 2225 1118 2230 ·
1214 2219 1244 2254 ur
1258 2219 1291 2254 ur
1304 2219 1333 2254 ru
1347 2216 1485 2255 canarno.

834 2257 920 2338 (eod.
935 2249 1047 2347 temp.)
1172 2333 1176 2341 ,

1395 2374 1453 2449 Ad
1477 2379 1620 2474 Regem
1642 2401 1818 2470 patenam.

1111 2530 1256 2604 Caetera
1274 2530 1377 2600 turba
1394 2552 1459 2598 suo
1472 2551 1539 2619 pro
1556 2529 1713 2600 carmine
1728 2557 1876 2604 munera
1893 2539 2016 2628 puscit,

1162 2633 1208 2704 Et
1224 2633 1330 2722 gratis
1346 2653 1467 2698 versus
1482 2630 1635 2700 condere
1653 2656 1759 2704 nemo
1774 2637 1874 2710 solet.

1111 2735 1191 2807 Non
1208 2758 1270 2826 ego
1287 2759 1352 2826 pro
1370 2733 1489 2804 studio
1503 2732 1702 2802 mercedem
1719 2735 1811 2806 serre
1829 2738 1966 2826 laboro,

1161 2837 1339 2908 Virtutem
1359 2834 1517 2930 precium
1531 2857 1614 2903 narn
1629 2836 1730 2910 decet
1747 2861 1821 2910 esse
1833 2843 1898 2915 sui.

1559 3026 1669 3095 Aliud.

1108 3155 1197 3228 Cum
1217 3169 1250 3225 te
1267 3153 1428 3224 versibus
1445 3165 1551 3222 ornat
1571 3151 1637 3224 iste
1655 3168 1785 3240 coetus,

1109 3260 1227 3352 Atque
1244 3282 1330 3327 auro
1346 3255 1493 3324 meliora
1510 3255 1604 3324 dona
1621 3255 1742 3343 mittit,

1107 3359 1155 3432 Et
1172 3383 1262 3454 quae
1275 3383 1350 3428 non
1367 3359 1474 3442 ebur,
1500 3357 1724 3450 optimaeque
1740 3381 1877 3452 gemma

1109 3463 1280 3533 lndomm
1299 3473 1484 3551 superent,
1509 3458 1577 3528 tibi
1594 3459 1732 3529 sodales

1108 3563 1246 3658 Optant
1263 3563 1419 3633 officium
1435 3585 1537 3632 suurn
1554 3562 1711 3650 probari,

1106 3665 1154 3738 Et
1169 3683 1202 3737 te
1219 3665 1352 3736 Pierias
1369 3689 1487 3736 amare
1502 3661 1637 3743 Musas,

1107 3770 1209 3859 Quae
1224 3769 1368 3838 virtutis
1385 3768 1453 3836 iter
1466 3765 1583 3835 solent
1596 3768 1734 3850 docere,

1107 3871 1277 3964 Princeps
1295 3869 1428 3962 optime
1442 3881 1670 3938 commonent
1685 3869 1896 3963 frequentes.

1550 4059 1661 4127 Aliud.

1108 4191 1204 4264 Tum
1219 4185 1309 4260 mihi
1326 4189 1418 4281 regis
1436 4191 1506 4262 eris
1522 4191 1667 4283 sceptris
1682 4205 1717 4262 et
1733 4187 1878 4259 nomine
1894 4189 2034 4280 dignus,

1158 4291 1206 4366 Et
1220 4289 1366 4362 Phoebo
1384 4317 1521 4363 sacrum
1537 4294 1599 4387 qui
1616 4293 1799 4362 moderere
1819 4313 1974 4382 gregem:

1107 4395 1199 4468 Cum
1222 4395 1341 4463 vinces
1365 4409 1505 4464 coetum
1527 4417 1738 4487 puerorum,
1768 4393 1928 4488 aliosque
1950 4394 2098 4480 sodales,

1158 4496 1316 4569 Pectoris
1333 4498 1485 4567 aeternis
1502 4497 1708 4588 ingeniique
1728 4495 1844 4568 bonis.

1109 4600 1213 4672 lrrita
1228 4613 1302 4670 tum
1320 4598 1404 4668 fient
1420 4613 1456 4668 et
1473 4621 1552 4689 spes
1567 4611 1603 4669 et
1618 4610 1698 4666 vota
1720 4599 1910 4684 bonorum,

1157 4701 1249 4775 Cum
1267 4704 1385 4794 potior
1398 4699 1515 4772 Musis
1529 4725 1591 4772 rex
1607 4699 1675 4772 tibi
1688 4699 1793 4772 luxus
1806 4699 1884 4774 erit.

1543 4857 1653 4960 Aliud.

1107 5021 1244 5095 Multos
1258 5021 1428 5091 iubebant
1443 5017 1570 5090 Persae
1588 5020 1730 5108 regibus
1745 5017 1867 5088 oculos

1108 5121 1241 5196 Adesse
1257 5123 1549 5214 monentiumque
1565 5125 1706 5192 turbam
1722 5119 1928 5190 maximam.

1106 5227 1177 5299 Pro
1194 5241 1227 5296 te
1244 5247 1327 5312 ergo
1342 5249 1403 5294 rex
1419 5224 1541 5293 fideles
1556 5223 1718 5294 omnium
1733 5223 1909 5293 excubant

1106 5327 1236 5416 Oculi,
1259 5327 1364 5398 officii
1381 5325 1442 5422 qui
1459 5337 1493 5396 te
1506 5327 1700 5396 admouent
1716 5345 1820 5394 versu
1835 5323 1901 5398 tui.

1105 5433 1245 5506 Horum
1264 5429 1410 5500 monitis
1423 5429 1563 5500 curabis
1579 5442 1619 5500 ut
1635 5427 1859 5522 respondeas.
