4652 6178
76 255 152 333 aas
684 237 1529 358 Quansmovu'sacanumeau.
2052 285 2128 362 asc

77 432 247 505 monium
262 435 314 506 'de
338 435 564 508 enarratione
578 440 759 527 vaticinii,
783 467 890 536 qrram
907 443 1075 528 recitasti,
1099 443 1105 565 l
1127 445 1222 535 puli,
1248 445 1377 532 idest,
1400 443 1490 518 Fide
1506 449 1768 542 amplectentur
1788 479 1911 526 vocem
1920 449 2124 552 Evangelii.

78 535 240 629 primum
257 532 327 610 hoc
345 539 513 627 adfirmo,
541 555 637 612 tuam
661 545 991 637 interpretationem
1017 573 1079 618 ve-
1100 568 1104 612 t
1125 545 1217 618 Cum
1235 563 1352 620 autem
1370 551 1531 640 angustia
1557 548 1664 624 buius
1679 559 1852 650 temporis
1869 583 1945 630 nou
1960 564 2126 638 admittat

77 665 157 710 ram
178 663 272 726 esse,
298 654 333 711 et
344 643 502 712 nativam
517 647 729 718 seutentiam
746 673 821 716 esse
836 651 1020 722 concionis
1038 652 1077 720 in
1125 651 1324 739 longiorem
1342 656 1563 736 orationem,
1590 657 1662 726 alio
1679 657 1757 730 loco
1775 661 1955 754 copiosius
1980 669 2025 736 de
2047 680 2124 740 toto

78 741 234 816 Genesi:
268 741 351 814 Non
365 746 546 818 auferetur
564 750 902 840 sceptrumaluda,
929 778 993 824 nec
1010 777 1076 844 gu·
1114 755 1296 844 vvaticinio
1317 756 1542 830 disseremus.
1591 755 1689 830 Dixi.

77 849 254 918 bernator
291 872 311 916 e
346 848 498 938 pedibus
532 851 628 937 eius,
661 855 775 942 donec
798 857 937 926 venerit
960 852 1076 931 Silob.

77 945 130 1022 Et
145 949 180 1020 ei
192 951 444 1022 auscultabunt
459 954 597 1046 populi.
1135 991 2120 1020 -···-·-··-·----·----·---

182 1049 263 1124 Etsi
284 1067 403 1124 autem
433 1057 596 1146 angustia
620 1060 791 1152 temporis
813 1085 888 1130 non
912 1063 1075 1132 concedit

78 1157 206 1240 nobis,
231 1169 272 1228 ut
295 1157 439 1246 longam
462 1160 732 1250 explicationem
757 1189 854 1232 nunc
878 1165 1076 1250 instituam,
1130 1147 1303 1275 Q
1860 1169 2122 1242 resanaret).

79 1277 201 1332 tamen
228 1283 340 1350 pauca
363 1262 905 1352 tuaeinterpretationiaddam.
957 1266 1075 1336 Mem·
1117 1311 1121 1322 ι
1886 1266 2099 1306 “⁹⁸'‘

79 1366 145 1434 bra
170 1363 280 1436 totius
299 1362 461 1432 vaticinii
485 1361 592 1436 Iacob
622 1371 734 1438 multa
765 1384 867 1452 sunt,
899 1371 961 1440 sed
988 1364 1075 1440 haec
1193 1367 1222 1422 ¹¹¹
1239 1369 1340 1423 ⁵²¹‘0b
1356 1369 1512 1432 Dertonae
1528 1372 1562 1430 T·
1577 1373 1624 1430 Ν·
1640 1395 1667 1446 e·
1681 1375 1734 1430 ³⁸⁷
1749 1395 1790 1448 κ1·
1827 1375 1959 1433 nicena.
1985 1379 2069 1438 Tom.
2084 1381 2120 1438 ¹¹·

80 1466 209 1550 verba,
235 1489 327 1559 quae
351 1466 514 1552 recitavi,
548 1471 735 1542 manifeste
769 1472 957 1542 continent
990 1496 1075 1563 pro-
1228 1441 1327 1512 ‘'⁶⁵96‘

118 1569 287 1638 iionem
303 1569 348 1636 de
364 1582 517 1640 venturo
532 1569 641 1640 Masi
939 1619 948 1642 .
988 1601 1027 1641 v.
1056 1619 1075 1632 -
1269 1621 1277 1640 .
1372 1622 1381 1642 .
1672 1627 1702 1646 ..
2010 1635 2018 1654 .
2086 1635 2097 1654 .

80 1593 166 1756 Πιθεῖ
183 1673 229 1744 de
244 1670 398 1742 Messias
412 1674 600 1745 nativitate
613 1597 663 1746 seta
673 1575 981 1768 ptiieebiibujbrtedbi
999 1600 1073 1748 cbi—
1124 1620 1297 1701 flamm
1321 1625 1449 1692 Hm
1474 1625 1724 1697 memmi
1749 1626 1809 1697 An
1825 1649 1959 1702 verum
1983 1639 2035 1704 ”t
2054 1630 2118 1704 αι’

1031 1783 1039 1797 ,
1123 1729 1244 1805 ctum,
1274 1723 1372 1816 quod
1395 1734 1506 1796 extat
1533 1731 1573 1797 in
1598 1725 1692 1800 libro
1720 1731 1993 1805 narratorum:
2023 1729 2117 1828 fere·

81 1769 650 1866 ligendaEcclesiaexGentibus.
696 1777 856 1871 Tempus
871 1781 1072 1854 constituat:
1121 1834 1204 1896 m
1225 1833 1478 1900 servatarum
1505 1831 1620 1902 elium
1691 1836 1828 1906 uim
1848 1838 2116 1911 mmmm„

78 1875 253 1950 Nascetur
275 1889 392 1948 stante
415 1873 533 1949 adbuc
554 1881 680 1972 politia
708 1881 886 1964 Mosaica,
911 1886 973 1953 sed
997 1907 1071 1954 non
1439 1853 1509 2004 '¹393
1537 1855 1796 2008 concharum·

79 1994 251 2071 regnante
265 1981 375 2071 stirpe
391 1975 506 2056 Iuda.
559 1981 649 2055 Cum
671 1999 788 2056 autem
806 1987 970 2056 nominat
988 2012 1070 2058 eum

77 2078 213 2169 Siloa,
248 2083 366 2154 reddit
400 2083 536 2173 primae
569 2087 817 2176 promissionis
849 2091 1072 2176 sententiam,
1121 2063 1194 2152 lllst
1217 2082 1366 2152 omnino
1389 2085 1506 2154 maior
1527 2084 1783 2156 lausolficiiac
1803 2087 2048 2174 obedientiae,
2077 2091 2117 2160 in

77 2189 145 2258 ubi
171 2187 378 2257 nominatur
398 2181 529 2256 Samen
552 2187 732 2260 mulieris.
791 2189 844 2262 lta
870 2186 929 2262 bic
951 2194 1070 2262 nomi·
1122 2180 1333 2254 h0⁰¹¹⁰Slr⁰
1348 2199 1599 2280 0⁰0l¹¹stlt¹³m
1616 2189 1864 2280 010que¹¹ll³02
1896 2187 2116 2280 Quarecum

79 2303 192 2360 natur
207 2287 336 2360 Faetus
351 2287 527 2363 Mulieris.
580 2290 621 2362 ld
648 2295 744 2362 enim
768 2293 944 2384 significat
966 2319 1071 2366 voca.
1122 2281 1213 2356 milti
1230 2289 1274 2356 de
1291 2291 1461 2359 mandato
1478 2305 1746 2382 praeceptorum
1766 2287 1827 2362 hie
1846 2293 2037 2364 dicendum
2060 2295 2118 2382 sit,

83 2392 211 2462 bulum
236 2386 349 2465 Silob.
401 2389 474 2462 Nec
498 2406 638 2488 tantum
663 2392 947 2486 lrocsignificat,
972 2399 1071 2468 nasci
1122 2414 1227 2481 spero
1244 2415 1309 2459 vos
1325 2393 1372 2460 ita
1391 2392 1568 2476 iudicare,
1593 2418 1737 2464 menon
1755 2395 1952 2466 temeritate
1973 2411 2034 2468 aut
2059 2423 2118 2470 ar-

80 2493 250 2566 Messiam
274 2493 353 2564 sine
372 2495 470 2566 virili
494 2497 648 2584 semine,
676 2501 862 2570 sedetiam
881 2502 1069 2582 vocabulo,
1121 2493 1283 2581 rogantia
1306 2490 1398 2562 mibi
1422 2488 1485 2562 has
1508 2495 1650 2564 dicendi
1675 2511 1792 2588 partes
1818 2499 2029 2590 sumpsisse,
2055 2503 2118 2572 sed

78 2599 175 2692 quod
208 2597 382 2687 significat
414 2599 617 2690 pelliculam
650 2624 712 2672 seu
744 2595 876 2694 χόριον
902 2603 941 2670 in
975 2604 1069 2688 alvo,
1122 2590 2117 2691 honestissimaeconsuetudinischolaemoremgerere,

76 2703 174 2796 quod
198 2700 395 2770 circumdat
417 2702 574 2784 suetum,
606 2718 699 2774 recte
715 2718 854 2787 monet,
880 2705 970 2775 duas
995 2727 1069 2774 csse
1120 2697 1253 2767 dabitis
1272 2697 1380 2785 igitur
1402 2694 1492 2766 mibi
1510 2699 1674 2786 veniam,
1697 2700 1769 2772 imo
1791 2715 1826 2772 et
1848 2703 2053 2774 felicitatem
2075 2705 2116 2774 in

76 2817 235 2877 naturas.
286 2801 414 2883 Pellis,
439 2804 476 2872 id
503 2819 574 2889 est,
597 2806 738 2876 infirma
755 2801 910 2876 bumana
929 2821 1069 2893 natura,
1121 2801 1402 2891 obtemperando
1438 2802 1655 2893 probabitis,
1697 2816 1731 2873 et
1764 2828 1878 2874 meam
1913 2806 2115 2878 orationem

76 2907 186 2979 morti
202 2907 375 2990 obnoxia,
399 2907 598 2978 circumdat
613 2909 720 2978 aliam
735 2909 917 2980 victricem
932 2912 1069 2985 mortis.
1120 2903 1209 2974 boni
1228 2903 1438 2986 consuletis,
1453 2906 1551 2998 q¹¹0d
1568 2921 1608 2976 ul
1622 2907 1769 2993 facialis,
1785 2921 1991 2980 reverenter
2006 2909 2114 2982 eliam

76 3009 132 3080 Ac
148 3025 188 3082 ut
196 3007 376 3080 Dominus
391 3010 466 3101 ipse
483 3009 623 3082 infirma
640 3013 733 3104 pelle
751 3013 989 3085 circumdatus
1003 3030 1067 3098 est,
1121 3030 1185 3076 vos
1198 3031 1274 3076 ⁰r0·

76 3115 126 3184 ita
144 3114 341 3203 cogitemus
356 3109 552 3182 Ecclesiam
576 3115 735 3204 fragilem
754 3139 827 3188 esse
849 3131 1009 3201 coetum,
1035 3131 1070 3188 et
1224 3107 1316 3180 Cum
1341 3122 1458 3180 autem
1484 3110 1655 3180 usitatum
1680 3111 1726 3184 sit
1748 3108 1809 3184 blc
1837 3115 1882 3184 de
1903 3117 2113 3210 quaestione

76 3217 177 3288 velut
194 3216 398 3286 involutum
415 3216 629 3286 tenerrimae
651 3219 753 3308 pelli,
777 3243 883 3312 quam
910 3214 1069 3290 borribi-
1120 3211 1239 3305 aliqua
1261 3213 1453 3296 disserere,
1489 3227 1523 3284 et
1547 3213 1617 3282 iarn
1643 3215 1686 3284 dc
1710 3215 1861 3312 Synodo
1893 3241 2018 3290 rursus
2052 3223 2114 3290 in-

76 3321 160 3390 liter
176 3321 333 3390 lacerant
349 3315 524 3388 Diabolus
540 3333 574 3390 et
593 3322 825 3408 eiusorgana.
863 3320 933 3392 Sed
949 3335 1068 3392 tamen
1120 3309 1284 3385 choanda
1313 3317 1510 3384 multorum
1542 3317 1730 3388 audiamus
1756 3343 1958 3408 sermones,
1995 3347 2037 3394 ex
2070 3347 2113 3396 ea

34 3439 40 3448 ·
76 3424 174 3512 intus
198 3421 385 3492 nobiscum
402 3435 454 3492 est
474 3423 569 3492 lilius
584 3421 672 3509 Dei,
696 3425 759 3518 qui
785 3425 920 3519 inquit:
953 3423 1067 3496 Nemo
1089 3458 1094 3506 a
1119 3421 1267 3488 materia
1283 3420 1526 3512 quaestionem
1542 3421 1689 3515 sumpsi.
1743 3420 1837 3490 Vere
1851 3447 1896 3493 ne
1912 3425 2047 3496 dictum
2065 3425 2113 3498 sit

77 3525 188 3619 rapiet
204 3549 287 3594 oves
304 3547 399 3593 meas
413 3525 462 3594 rle
478 3525 646 3595 manibus
663 3528 763 3596 meis.
1089 3513 1093 3602 l
1120 3522 1217 3615 qarod
1241 3523 1279 3591 in
1306 3523 1367 3592 illa
1394 3522 1571 3609 farragine
1588 3504 1766 3612 ‘scriptum
1791 3539 1862 3606 est,
1889 3529 2113 3620 quaenomi-

178 3625 256 3698 Hac
267 3627 510 3698 consolatione
524 3652 591 3698 nos
606 3643 856 3716 sustentemus,
880 3631 978 3724 quod
995 3629 1065 3700 sci·
1089 3608 1092 3638 ⁸
1119 3637 1228 3694 natur
1242 3627 1334 3696 liber
1353 3625 1589 3695 decretorum.
1642 3623 1788 3696 Frustra
1812 3643 1930 3700 servat
1943 3625 2111 3724 Evange-

74 3753 175 3812 mns‚
210 3729 418 3800 verenobis
440 3732 562 3800 adesse
587 3731 700 3802 lilium
720 3732 805 3813 Dei,
840 3748 874 3806 et
898 3759 964 3804 nos
988 3747 1067 3804 tan·
1119 3727 1227 3810 lium,
1250 3728 1312 3822 qui
1329 3751 1404 3797 non
1422 3741 1538 3798 servat
1554 3725 1717 3800 Canones
1731 3731 1979 3802 conciliorum.

74 3859 181 3929 quam
207 3834 283 3905 eius
308 3833 476 3902 manibus
506 3830 781 3926 comprehensos
813 3838 965 3923 servari,
1001 3835 1067 3907 etsi
1221 3827 1399 3902 Existimo
1432 3823 1681 3901 cohaerescere
1713 3857 1838 3904 omnes
1872 3837 1995 3918 rudes,
2027 3859 2110 3906 cum

74 3937 318 4014 snmus,valde
332 3935 468 4026 fragilis
485 3949 520 4008 et
536 3937 698 4028 squalida
721 3938 900 4030 pellicula.
1119 3927 1214 4004 banc
1229 3957 1351 4004 vocem
1369 3933 1495 4022 legunt
1511 3935 1752 4007 seuaudiuut.
1779 3933 1928 4008 Necesse
1943 3951 1995 4008 est
2011 3937 2110 4006 euim

175 4037 302 4110 Postea
320 4039 533 4110 vocabulum
552 4034 657 4112 Silob
675 4042 782 4110 etiam
796 4041 971 4130 significat
986 4041 1065 4112 l'au-
1118 4031 1211 4106 hanc
1226 4036 1436 4107 sententiam
1454 4035 1658 4108 dimissimo
1682 4051 1823 4130 pectore
1844 4055 1985 4121 tenere,
2011 4051 2108 4112 certo

73 4157 170 4214 stum
200 4155 234 4212 et
267 4139 453 4222 foelicem,
484 4142 694 4213 reddentem
726 4143 893 4216 videlicet
927 4167 1065 4214 summa
1118 4139 1210 4208 lilios
1224 4137 1310 4226 Dei,
1338 4153 1372 4210 et
1388 4133 1555 4208 haeredes
1572 4161 1646 4210 esse
1661 4140 1755 4212 vitae
1767 4155 1931 4212 aeternae
1947 4142 2109 4237 eos,qui
2175 4189 2181 4208 .

70 4247 168 4316 bona
184 4245 305 4334 generi
321 4238 492 4327 humano,
509 4243 686 4316 iusticiam
703 4259 739 4318 et
753 4246 862 4318 vitam
874 4259 1066 4318 aeternam.
1117 4241 1234 4314 Deum
1250 4243 1348 4313 iuxta
1363 4237 1600 4331 Evangelium
1618 4243 1788 4314 invocant
1806 4257 1840 4315 et
1855 4245 1998 4326 colunt,
2023 4245 2109 4318 ubi·
2229 4279 2232 4292 ·

70 4345 210 4440 Etlipsi
237 4345 490 4418 auscultabunt
514 4347 659 4438 populi,
691 4371 775 4433 seu,
801 4351 845 4418 ad
870 4373 952 4420 enm
978 4373 1065 4418 con·
1117 4369 1258 4440 cunque
1274 4345 1419 4426 vivunt,
1445 4344 1583 4414 etiamsi
1598 4345 1727 4415 caeteri
1747 4345 1838 4417 ritus
1862 4361 1958 4418 extra
1982 4335 2110 4420 Evan-

70 4451 327 4542 gregabuntnr.
378 4445 457 4520 Etsi
480 4448 576 4518 enim
603 4451 649 4520 de
677 4451 855 4521 vocabulo
880 4453 1066 4546 disputant
1117 4448 1249 4538 galium
1264 4445 1454 4518 dissimiles
1469 4460 1565 4517 srmt.
1618 4445 1679 4518 Sic
1696 4447 1792 4517 enim
1807 4449 1944 4522 dictum
1960 4461 2023 4520 cst.
2064 4448 2107 4522 Si

71 4552 329 4636 Grammatici,
351 4563 470 4620 tanaen
493 4554 670 4624 sententia
694 4577 840 4646 prorsus
856 4555 979 4624 eadem
1000 4567 1065 4640 est,
1116 4551 1197 4644 quis
1213 4550 1330 4641 diligit
1346 4573 1421 4634 me,
1445 4571 1645 4618 sermonem
1662 4574 1781 4620 meum
1796 4553 1964 4636 servabit,
1989 4549 2107 4625 etl’a·

70 4669 108 4730 et
141 4667 346 4744 congruunt
373 4653 482 4722 verba
518 4655 809 4746 promissionum.
861 4655 978 4727 Antea
1006 4656 1064 4725 di·
1114 4668 1170 4725 ter
1190 4677 1291 4724 mens
1311 4652 1435 4742 diliget
1459 4677 1560 4736 eum,
1589 4665 1624 4721 ct
1652 4653 1836 4725 veniemus
1864 4657 1909 4726 ad
1938 4679 2040 4740 eum,
2070 4667 2107 4726 et

68 4775 168 4830 ctum
196 4771 264 4830 est:
311 4753 353 4826 ln
387 4756 523 4824 semine
558 4769 621 4827 tuo
651 4759 910 4829 benedicentur
940 4781 1065 4828 omnes
1114 4753 1443 4847 mansionemapud
1462 4753 1740 4826 eumfaciemus.

68 4861 220 4936 Gentes.
272 4853 629 4946 ltaboclocodicit,
655 4886 730 4932 non
751 4875 889 4932 tantum
913 4861 1064 4953 posteri·
1213 4856 1290 4929 Hac
1307 4881 1393 4928 voce
1416 4857 1511 4926 lilius
1528 4853 1596 4926 Dei
1610 4881 1677 4927 nos
1698 4859 1775 4930 beri
1796 4859 2021 4932 domicilium
2047 4861 2106 4932 di-

65 4965 137 5037 tati
152 4955 318 5034 Abrahae
332 4961 521 5032 salutarem
540 4961 617 5034 lore
633 4959 741 5035 buius
756 4961 906 5034 Domini
923 4965 1059 5033 adven·
1112 4960 1274 5032 vinitatis
1295 4961 1475 5044 adfirmat,
1501 4983 1606 5052 quam
1635 4959 1711 5053 ipse
1734 4961 1900 5049 tradidit,
1925 4987 2001 5034 non
2025 4963 2106 5036 aliis

65 5083 170 5150 tum,
204 5067 264 5136 sed
287 5065 458 5135 universo
480 5067 601 5156 generi
623 5059 795 5140 humano.
845 5063 894 5136 Et
918 5067 1063 5158 quidem
1111 5065 1362 5156 opinionibus,
1387 5061 1581 5157 etquidem
1600 5063 1731 5134 diserte
1749 5065 1919 5155 scriptum
1938 5081 2000 5140 est.
2038 5065 2106 5138 Ni-

67 5169 264 5260 significat,
299 5166 494 5258 imperium
524 5167 601 5238 eius
630 5169 802 5239 dissimile
826 5171 903 5239 lore
928 5167 1065 5239 Mundi
1109 5165 1164 5236 bil
1180 5169 1290 5236 addas
1306 5179 1367 5236 aut
1383 5160 1566 5251 detrahas,
1605 5163 1712 5252 laem,
1739 5164 1885 5238 Frustra
1905 5169 2030 5242 colunt
2047 5194 2106 5240 me

66 5271 243 5364 imperiis.
286 5267 381 5339 Voce
397 5269 583 5340 doctrinae
597 5285 693 5360 reget
709 5285 846 5343 mentes
861 5286 895 5344 et
913 5269 1287 5388 pectora2'pmandatis
1312 5263 1514 5340 hominnm.
1574 5265 1680 5340 Unde
1721 5269 1831 5360 igitur
1864 5265 1933 5342 boc
1966 5273 2104 5344 dictum

66 5389 102 5446 et
121 5369 350 5444 bancvocem
365 5369 686 5463 Fideaccipivult.
741 5371 826 5444 ldeo
844 5373 958 5466 placet
973 5369 1065 5444 mibi
1108 5385 1208 5442 atrox
1224 5385 1403 5464 receptum
1420 5370 1496 5442 est?
1520 5372 1677 5465 quodait
1691 5373 1820 5442 trustra
1837 5373 1970 5444 servari
1981 5370 2104 5446 Evan-

65 5475 338 5568 interpretatio,
363 5499 454 5570 quae
475 5474 575 5565 legit:
628 5473 703 5568 lpsi
723 5477 977 5550 auscultabunt
1000 5419 1088 5570 po-i
1109 5475 1265 5568 gelium,
1305 5475 1337 5546 si
1370 5499 1447 5546 nou
1484 5487 1672 5546 serventur
1705 5471 1880 5546 Canooes.
1947 5473 2105 5562 Falsum,
