4652 6178
231 298 307 372 aar
670 252 675 258 ’
826 285 1250 381 ooaasrtonns
1284 259 1684 367 acturmcaa.
2172 299 2230 380 na

235 469 348 558 Quasi
365 493 447 538 vero
463 461 556 537 hauc
572 490 679 536 unam
693 465 740 535 ob
752 486 892 532 causam
905 480 1131 553 repurgatum
1144 475 1232 535 esset
1284 458 1349 532 No.
1366 465 1403 533 2.
2064 471 2122 554 (m.
2138 477 2226 566 tosa.)

234 569 490 661 Evangelium,
530 583 572 640 ut
591 583 682 638 artes
707 569 798 638 insta
821 566 1038 655 possessione
1064 579 1232 636 moveret·
1282 559 1411 584 Μ’
2059 565 2234 604 “⁹³⁴

235 671 342 744 Nunc
356 697 413 742 res
426 673 586 766 loquitur
601 671 695 760 ipsa,
722 665 910 755 Evangelii
926 669 1095 738 beneficio
1113 669 1232 759 digni·
1352 676 1383 732 tn
1400 678 1590 762 opressione
1613 679 1648 733 ud
1663 679 1743 734 Ebu.
1763 679 1884 754 psaqq.
1900 711 1938 725 -
1970 683 2143 758 apographon
2154 691 2178 745 tn
2189 695 2235 750 ,sa

237 790 345 845 tatem
369 775 497 844 artium
520 773 696 863 patelieri,
722 784 757 840 et
780 769 913 858 augeri.
968 769 1008 839 ld
1032 772 1232 840 acuerein-
1383 748 1589 820 ⁸³¹¹¹·⁵⁹·¹'·¹
1610 748 1661 804 ⁶³·

240 877 412 947 dustriam
432 872 640 958 hominum,
667 887 701 943 et
719 873 867 942 excitare
885 874 927 940 ad
946 873 1152 941 discendum
1169 877 1233 942 de-

238 981 354 1050 bebat.
399 974 500 1048 Olim
517 979 679 1046 calebant
693 977 821 1044 mirum
837 975 874 1041 in
894 975 1040 1044 modum
1056 971 1142 1044 haec
1156 989 1233 1044 stu-

240 1083 319 1166 dia,
353 1105 433 1150 cum
458 1083 637 1157 deessent,
670 1077 732 1170 qui
755 1079 893 1147 tradere
916 1091 1069 1167 possent.
1128 1075 1232 1148 Nunc

132 1225 138 1240 ·
240 1184 280 1253 in
302 1184 454 1252 maxima
478 1181 578 1274 copia
603 1179 798 1250 Doctorum
822 1180 1058 1269 optimorum,
1091 1174 1232 1248 scholae
1284 1159 1382 1247 Cum
1396 1179 1538 1269 publica
1555 1182 1775 1249 consuetudo
1790 1177 1880 1249 mihi
1897 1184 2130 1256 necessitatem
2145 1185 2238 1262 inhoc

213 1311 367 1380 parum
391 1286 593 1378 frequentes
616 1297 710 1355 sunt.
760 1277 809 1350 Et
831 1305 911 1350 cum
936 1295 1037 1350 antea
1058 1283 1231 1351 obductae
1283 1281 1509 1350 ornatissimo
1538 1305 1702 1351 consessu
1728 1282 1873 1352 dicendi
1901 1283 2077 1373 imponat,
2116 1314 2189 1380 rogo
2207 1317 2238 1362 ne

241 1389 313 1460 situ
334 1402 368 1457 et
392 1388 555 1481 squalore
577 1384 749 1454 lacuerint
771 1395 880 1467 artes,
907 1407 1004 1452 nunc
1024 1397 1233 1475 receperunt
1283 1406 1340 1450 me
1368 1384 1486 1474 potius
1519 1383 1761 1473 impudentia,
1795 1411 1900 1478 quam
1933 1388 2049 1458 officio
2081 1393 2238 1463 adductum

240 1492 409 1562 nitorem.
466 1486 657 1558 Dialectica
683 1509 826 1578 prorsus
850 1487 977 1556 obruta
1000 1499 1074 1554 erat
1098 1487 1232 1558 calum·
1285 1508 1355 1556 esse
1378 1485 1603 1566 existimetis,
1637 1501 1677 1575 ut
1697 1481 1761 1555 has
1785 1501 1899 1577 partes
1922 1490 2138 1582 susciperem.
2184 1493 2238 1564 Mi·

242 1594 313 1662 niis
329 1593 543 1683 qtribusdam
558 1587 826 1671 Grammaticis,
853 1611 917 1656 nec
936 1581 1174 1656 adhibebatur
1187 1589 1247 1678 ad,
1286 1587 1381 1655 nime
1411 1604 1528 1658 autem
1557 1589 1655 1657 decet
1677 1589 1917 1659 adolescentes
1939 1595 2137 1680 garrulitas,
2163 1621 2238 1686 prae·

241 1719 318 1762 eam
345 1695 461 1786 aliqua
485 1692 626 1760 dicendi
651 1691 871 1772 exercitatio,
898 1691 974 1760 sine
993 1715 1062 1783 qua
1081 1691 1233 1776 intelligi
1284 1690 1403 1760 sertim
1429 1689 1461 1758 si
1483 1692 1708 1758 amliantura
1727 1706 1812 1760 natu
1832 1693 2037 1763 maioribus.
2086 1694 2190 1784 Quare
2203 1699 2239 1768 el-

242 1815 316 1866 non
347 1807 470 1886 potest.
523 1791 671 1886 Physica
695 1793 819 1861 mutila
843 1805 936 1877 erat,
969 1793 1114 1861 deerant
1138 1793 1231 1860 enim
1285 1791 1416 1872 ficiam,
1443 1815 1486 1860 ne
1508 1793 1563 1859 vel
1587 1817 1701 1860 mores
1726 1819 1821 1860 urceus
1846 1796 1900 1861 vel
1917 1798 2111 1866 orationem
2126 1814 2238 1891 propter

242 1892 485 1980 Mathemata‚
512 1918 553 1964 ex
577 1895 707 1988 quibus
723 1895 794 1964 fere
810 1917 933 1963 omnes
951 1893 989 1962 in
1005 1890 1155 1988 Physica
1172 1897 1232 1962 de·
1286 1893 1521 1982 prolixitatem
1545 1889 1823 1984 reprehendatis.
1877 1891 1923 1966 Et
1945 1912 1985 1968 ut
2006 1897 2237 1972 veteremscho·

243 2000 517 2068 monstrationes
539 2013 740 2068 sumuntur.
794 1995 948 2066 llloralia
972 1997 1176 2066 invaserant
1195 1997 1231 2064 in
1285 1997 1398 2064 larum
1424 2021 1557 2064 morem
1572 2021 1778 2089 sequamur,
1804 2022 2002 2088 proponam
2020 2003 2236 2094 quaestionem,

243 2103 499 2194 possessionem
523 2095 759 2188 Theologiae,
793 2099 840 2166 ita
864 2113 903 2167 ut
928 2113 999 2168 tota
1023 2101 1114 2168 ratio
1141 2100 1233 2166 vitae
1285 2111 1542 2190 quaenuntam
1555 2094 1850 2168 habetclisficilem
1863 2102 2147 2192 disputationem,
2160 2129 2236 2198 qttan

242 2201 466 2273 Christianae
495 2201 605 2288 magis
633 2201 703 2268 iam
728 2225 746 2267 a
770 2195 1022 2290 Philosophia,
1057 2225 1163 2292 quam
1188 2203 1233 2267 ab
1284 2201 1481 2288 exemplum
1504 2200 1602 2272 utile.
1654 2199 1805 2294 Zoylum
1827 2202 1946 2288 aiunt,
1980 2229 2060 2274 cum
2082 2207 2237 2298 scripsisset

242 2303 660 2393 Evangelinpeteretur.
712 2298 762 2369 lta
794 2316 888 2370 totus
919 2297 1049 2370 chorus
1073 2303 1233 2393 discipli·
1286 2301 1475 2370 maledicos
1498 2301 1608 2369 libros
1633 2304 1800 2373 adversus
1823 2301 2041 2392 Humerum,
2066 2308 2184 2378 iudicio
2199 2323 2235 2377 to·

243 2429 371 2475 narum
399 2407 566 2474 conlirsns
588 2417 620 2472 et
638 2403 861 2494 perturbatus
877 2417 964 2472 erat.
1015 2402 1120 2472 Nnnc
1138 2420 1233 2495 post·
1285 2403 1354 2472 tius
1378 2401 1545 2472 Graeciae
1569 2403 1606 2472 in
1626 2399 1807 2498 Olympiis
1831 2409 1875 2474 de
1898 2431 1980 2476 saxo
2008 2411 2232 2502 praecipitatum

245 2534 351 2602 qtram
374 2511 579 2576 emendatae
601 2519 702 2584 sunt.
736 2519 768 2574 et
793 2527 856 2574 sno
879 2529 1038 2598 quaeque
1064 2509 1233 2596 disposita
1285 2529 1368 2574 esse.
1421 2501 1493 2574 Alii
1524 2521 1672 2576 narrant
1701 2507 1738 2574 in
1765 2532 1905 2578 crucem
1931 2525 2049 2582 actum
2077 2535 2153 2584 esse.
2194 2507 2236 2580 bt

242 2613 340 2694 loco,
367 2611 427 2678 ille
440 2613 547 2678 ardor
559 2610 775 2686 studiorum,
801 2609 861 2699 qui
877 2610 1056 2701 quondam
1073 2609 1151 2693 fuit,
1178 2633 1233 2678 re·
1286 2608 1392 2694 igitur
1408 2606 1594 2696 Quaestio:
1624 2603 1711 2676 Iure
1731 2631 1774 2677 ne
1788 2606 1971 2705 supplicio
1987 2610 2157 2711 capitoli,
2177 2635 2237 2706 pro·
2285 2627 2286 2696 j

244 2713 471 2782 stinctusest.
516 2709 869 2792 Neccausaestalia,
897 2711 1135 2792 meoiudicio,
1162 2713 1230 2779 nisi
1281 2717 1362 2804 pter
1378 2708 1558 2789 convicia,
1587 2705 1733 2802 Zoylns
1751 2704 1906 2812 affectus
1920 2711 2002 2781 sil?
2050 2713 2102 2787 Ac
2117 2717 2236 2807 primun

245 2817 340 2909 qnod
370 2815 419 2882 sic
448 2827 498 2882 est
520 2829 646 2882 natura
674 2807 882 2894 hominnm,
916 2814 1110 2901 praesentia
1138 2815 1230 2880 bona
1285 2808 1370 2881 haec
1392 2811 1564 2882 acerbitas
1586 2812 1700 2882 videri
1723 2827 1835 2903 potest
1857 2815 2002 2889 iniusta.
2052 2815 2235 2908 Legesenin

244 2919 334 2988 solet
356 2917 524 2984 fastidire.
577 2914 646 2985 Sed
671 2916 697 2980 si
724 2913 812 3002 grati
830 2911 904 2981 Deo
929 2915 1039 2983 videri
1058 2913 1232 3005 cupimus,
1286 2938 1356 2982 nem
1378 2914 1531 3001 puniunt
1549 2916 1727 2994 convicia,
1753 2915 1791 2984 iu
1808 2939 1908 3005 pares
1924 2919 2040 3006 dicta,
2065 2920 2236 3011 capitalibus
2285 2937 2286 2948 ¹

244 3044 363 3110 aquo
398 3014 482 3086 haec
514 3017 670 3105 ingentia
699 3015 793 3084 hona
825 3017 866 3102 ad
896 3041 959 3086 uos
984 3031 1232 3105 pervenerunt,
1286 3015 1418 3106 poeuis.
1469 3012 1558 3082 Cum
1584 3017 1678 3084 enim
1702 3019 1828 3086 debeat
1850 3041 1921 3087 esse
1946 3025 2125 3113 proportio
2143 3013 2237 3092 Aritb·
2285 3007 2286 3012 ἵ

242 3121 400 3212 prolecto
425 3121 541 3188 danda
562 3135 613 3188 est
634 3142 758 3209 opera,
783 3141 828 3186 ne
844 3142 882 3185 ea
901 3120 1162 3210 comtempsisse
1178 3121 1232 3187 vi·-
1285 3119 1407 3186 metica
1438 3117 1557 3184 damni
1584 3131 1617 3186 et
1641 3143 1792 3209 poenae,
1833 3125 2079 3193 neccunricia
2103 3127 2236 3194 damnem

244 3226 402 3292 deamnr.
457 3221 639 3309 Qumdam
662 3220 800 3310 pietatis
826 3243 904 3309 pars
925 3220 1009 3299 erit,
1044 3243 1231 3308 agnoscere
1284 3220 1376 3290 vitae
1407 3219 1573 3304 afferant,
1608 3243 1721 3311 poena
1750 3223 1855 3291 etiam
1889 3247 1963 3292 non
1994 3227 2097 3296 debet
2120 3245 2238 3294 esseta-

244 3323 407 3395 cnelestia
430 3347 594 3404 munera,
618 3345 728 3414 eaque
751 3335 826 3390 tum
849 3322 1026 3405 excolere,
1051 3339 1126 3392 tum
1145 3347 1231 3392 cun·
1283 3321 1413 3413 pitalis.

243 3450 393 3497 servare.
453 3422 569 3517 Atque
595 3420 661 3492 hoc
684 3447 758 3492 non
780 3425 888 3492 modo
911 3437 1029 3496 nostra
1054 3447 1155 3492 cansa
1178 3427 1231 3493 ta.
1385 3421 1523 3492 Deinde
1539 3422 1899 3516 neiniuriaequidem
1912 3427 2162 3510 existimantur,
2181 3445 2238 3492 crin

244 3529 409 3600 ciendum
426 3541 486 3610 est,
512 3528 572 3594 sed
589 3527 760 3596 debemus
775 3519 868 3592 hanc
883 3549 1025 3616 operam
1041 3523 1232 3616 Reipubli-
1283 3549 1357 3594 non
1381 3549 1497 3594 mores
1521 3538 1581 3594 aut
1602 3519 1766 3594 voluntas
1786 3527 2028 3617 vituperatur,
2054 3533 2111 3600 sed
2130 3523 2239 3598 artificis

227 3622 305 3702 'cae
328 3653 368 3698 ae
384 3630 571 3698 universae
585 3629 793 3719 posteritati.
844 3625 934 3696 Nam
949 3627 985 3694 in
1003 3623 1067 3696 hac
1081 3630 1232 3698 statione
1284 3624 1722 3718 inscitiareprehenditur.
1774 3625 2239 3725 PucroZuylnscarmeullo·

245 3731 432 3800 collocavit
458 3754 524 3798 nos
542 3727 700 3819 Respub.
726 3743 766 3799 ut
794 3742 885 3796 artes
918 3731 960 3796 ad
994 3731 1102 3798 vitam
1126 3732 1232 3801 utiles
1283 3731 1371 3798 meri
1395 3733 1552 3813 taxabat,
1578 3753 1650 3798 non
1672 3729 1748 3797 eius
1771 3737 2102 3805 moresautvitam.
2149 3731 2240 3820 Quart

243 3853 506 3902 conservemus.
568 3831 639 3900 Nec
661 3845 758 3924 putet
779 3853 815 3898 se
839 3833 875 3898 in
901 3855 939 3898 re
959 3857 1065 3920 parva
1088 3835 1231 3904 ‹lesran-
1287 3833 1425 3901 videtur
1441 3831 1569 3900 iniuste
1587 3847 1731 3901 necatus
1748 3855 1832 3906 esse.

244 3931 637 4024 dasseRempublicam,
662 3935 690 4002 si
709 3935 788 4024 qrris
804 3934 1021 4020 negligenter
1036 3935 1230 4004 secitsuum
1387 3933 1455 4003 Sed
1485 3959 1557 4002 mm
1589 3947 1640 4004 est
1661 3935 1848 4016 credibile,
1885 3934 2059 4005 Graecam
2083 3934 2241 4008 nationem,

243 4035 413 4106 officium.
466 4033 579 4105 Debet
602 4036 843 4128 unusquisque
860 4033 1118 4106 Paterfamilias
1143 4036 1232 4106 libe·
1284 4061 1351 4130 qua
1369 4031 1460 4103 nilril
1477 4037 1544 4106 suit
1563 4030 1765 4118 hunianius,
1794 4051 1825 4106 et
1844 4063 1933 4131 quae
1949 4037 2142 4106 libertatem
2156 4035 2186 4101 in
2201 4055 2241 4098 re·

243 4137 295 4208 ris
315 4137 405 4224 suis,
430 4151 471 4208 ut
492 4138 604 4230 magis
621 4131 689 4207 hoc
706 4137 888 4229 publicum
904 4137 1158 4225 patrimonium
1176 4163 1233 4207 re·
1284 4133 1519 4230 prehensione
1542 4137 1713 4206 artificum
1739 4139 1893 4207 facittme
1915 4140 2018 4224 tulit,
2057 4155 2175 4208 temere
2194 4130 2240 4200 bot

242 4240 406 4334 linquere
420 4242 576 4320 studeat,
603 4265 708 4333 quam
727 4240 909 4329 proprium
924 4239 1087 4312 fundum.
1140 4239 1230 4310 Nam
1283 4241 1502 4331 exemplum,
1528 4253 1598 4308 tam
1615 4241 1845 4308 memorabile
1867 4242 1906 4310 in
1927 4240 2079 4334 Znylum
2100 4235 2241 4308 statuisse.

240 4342 401 4433 privatae
420 4367 476 4411 res
492 4344 622 4424 teneri,
648 4343 716 4413 nisi
736 4339 931 4431 Republica
952 4343 1041 4410 bene
1059 4345 1233 4412 constitu-
1287 4341 1406 4436 ltaque
1436 4342 1596 4410 existimo
1630 4364 1688 4409 eos
1712 4336 1777 4410 hac
1800 4345 1937 4412 ratione
1962 4357 2075 4412 motos
2098 4365 2178 4408 esse:
2209 4329 2241 4402 Ut

242 4458 298 4530 ta,
323 4468 396 4514 non
414 4459 572 4535 possunt.
1283 4444 1441 4512 convicia
1482 4443 1612 4534 quihus
1648 4443 1802 4512 laeditur
1832 4451 1997 4515 maiestas
2030 4442 2180 4533 imperii,
2217 4446 2241 4500 tl
2284 4455 2285 4483 ¹

346 4545 443 4616 Haec
464 4546 544 4615 ideo
567 4545 642 4614 dixi
666 4545 829 4637 pluribus
844 4545 981 4625 verbis,
1007 4557 1046 4614 ut
1062 4545 1136 4625 illi,
1168 4547 1230 4636 qrri
1285 4545 1508 4633 Principum,
1530 4544 1671 4633 capitali
1694 4547 1866 4636 supplicio
1894 4547 2107 4635 pensitantur:
2136 4543 2179 4612 lta
2196 4559 2241 4628 pc·

242 4661 424 4741 praetextu
439 4644 626 4734 Evangelii
644 4649 757 4716 bonas
773 4661 864 4715 artes
879 4661 1131 4737 aspernantur,
1155 4671 1232 4716 me·
1283 4649 1431 4718 tulantia
1459 4647 1494 4714 in
1521 4641 1822 4737 reprehendendis
1842 4649 1977 4719 artibus
1993 4665 2053 4720 aut
2070 4636 2241 4715 excellenti·

242 4749 434 4833 minerint,
475 4751 503 4819 si
524 4747 710 4840 Evangelii
737 4749 886 4837 gloriam
907 4749 1062 4838 graviter
1081 4750 1230 4824 laedere.
1283 4751 1349 4820 hus
1365 4749 1574 4832 artificibus,
1601 4748 1758 4838 capitalis
1772 4773 1846 4819 esse
1860 4751 2049 4820 iudicanda
2066 4765 2125 4818 est.
2171 4741 2240 4813 Nan

241 4848 322 4922 Hoc
343 4853 457 4920 multo
475 4851 587 4940 magis
601 4853 699 4922 decet
714 4846 953 4933 Christianos,
980 4849 1045 4921 Dei
1062 4853 1155 4920 dona
1170 4877 1232 4920 ve·
1281 4865 1314 4922 et
1335 4865 1427 4922 artes
1447 4855 1490 4919 ad
1516 4850 1657 4940 imperii
1681 4850 1859 4938 fastigium
1881 4853 2079 4945 pertinent,
2104 4861 2139 4920 nt
2161 4847 2240 4934 leget·

137 5017 143 5026 .
241 4954 379 5032 uereri,
406 4953 527 5046 eisque
548 4977 628 5022 cnm
651 4953 843 5043 gratiarum
862 4955 1019 5036 actione,
1043 4952 1232 5023 utPaulns
1280 4951 1373 5025 Sunt
1396 4952 1492 5022 enim
1512 4952 1627 5039 legum
1651 4951 1778 5023 sontes.
1830 4952 1940 5025 Recte
1962 4953 2072 5042 igitur
2088 4949 2240 5020 iudicare·

241 5054 378 5148 inquit,
412 5055 477 5126 uti.
528 5053 659 5125 Precor
678 5067 794 5125 autem
816 5049 1016 5136 Christum,
1048 5068 1089 5124 ut
1112 5057 1228 5126 studia
1279 5052 1510 5139 runtGraeci,
1531 5051 2239 5147 Zoylumtanqnamreumlaesaemaieste-

240 5169 363 5228 nostra
385 5159 429 5226 ad
447 5156 635 5228 utilitatem
652 5157 830 5248 publicam
848 5159 1038 5245 gubernet,
1065 5171 1098 5226 et
1116 5159 1229 5225 bonas
1277 5158 1341 5238 tis,
1367 5155 1495 5226 ultimo
1511 5153 1685 5246 supplicio
1704 5156 1930 5227 alliciendum
1946 5181 2037 5240 esse,
2059 5147 2236 5246 praesertim

238 5271 333 5332 artes
353 5273 554 5343 conservet,
576 5260 746 5352 quoniam
763 5272 802 5328 ut
818 5258 952 5348 abipso
967 5271 1128 5328 ostensae
1144 5276 1228 5332 sont
1277 5283 1357 5330 curn
1374 5259 1410 5328 id
1426 5259 1464 5326 in
1478 5270 1577 5327 tanto
1593 5271 1771 5328 conventu
1784 5260 1894 5329 totius
1905 5258 2076 5330 Graeciae
2089 5257 2129 5324 ad
2145 5267 2238 5320 exem-

235 5355 394 5432 ltumano
410 5362 550 5452 generi,
571 5361 619 5432 ita
635 5361 852 5446 conservari,
878 5361 1135 5431 nisidivinitus
1151 5385 1225 5431 non
1274 5361 1374 5452 plum
1397 5360 1600 5452 pertineret.
1656 5353 1745 5430 Erat
1767 5362 1863 5430 enim
1886 5363 2063 5431 monenda
2087 5358 2237 5460 iuventte·

233 5477 395 5554 possum.
1273 5485 1321 5533 ne
1344 5460 1567 5533 malediceret
1588 5459 1743 5548 artibus,
1765 5477 1826 5535 eut
1850 5463 2100 5536 excellentibus
2118 5451 2236 5528 artibu-
2283 5439 2284 5502 l

1281 913 1371 981 lure
1394 932 1443 982 ne
1464 911 1602 1004 Zoylus
1623 912 1665 980 in
1686 911 1867 1002 Olympiis
1887 933 1911 982 a
1937 914 2086 986 &occia
2103 914 2145 988 de
2163 939 2235 992 soro

1586 1015 1639 1082 ait
1666 1011 1978 1104 praecipitatus?
