4674 6162
183 259 233 332 ss
355 241 1324 340 persuaserun,1uu1cronuuar
1357 241 1760 324 scurrroauu
1808 193 2061 328 nieuw.
2163 247 2210 322 aa

187 423 309 514 Quare
332 437 367 494 et
388 437 492 496 tuum
507 435 733 515 conspectum
747 434 783 493 et
799 417 978 490 eruditiss.
994 439 1177 488 sermones

187 539 269 598 tuos
293 525 508 617 expetimus,
541 525 702 596 fortassis
724 535 759 594 et
781 543 847 593 nos
862 519 997 615 aliquid
1014 519 1180 590 narrabi-

187 650 286 715 mus,
316 630 414 722 quod
438 630 527 699 scire
547 629 657 700 voles.
712 625 824 696 Valde
846 624 956 714 igitur
976 636 1012 694 te
1027 644 1181 702 oramus,

186 743 229 803 ut
241 753 339 801 nuuc
353 731 398 800 ad
414 733 605 823 prandium
621 731 666 800 ad
682 751 748 799 nos
763 728 918 800 accedas.
944 724 999 797 De
1017 725 1181 818 capreolo
1195 807 1200 818 ‘

187 833 318 924 gratias
333 833 482 924 agimus.
533 831 606 906 Sed
622 855 740 903 coram
758 831 874 924 plura.
924 824 1001 901 Cal.
1019 825 1116 903 Iulii.

877 925 1080 1025 Philippus.

1228 427 1264 485 et
1284 435 1459 484 summam
1480 413 1680 500 doctrinae,
1707 437 1814 510 quam
1829 412 1927 487 Deus
1941 411 2120 487 Ecclesiae
2137 437 2218 486 suae

1229 514 1394 598 tradidit,
1421 515 1577 598 didicit,¹
1591 539 1767 611 speroque
1787 541 1869 590 eum
1893 519 1976 590 usui
1999 519 2075 588 iore
2094 513 2217 588 Eccle-

1230 618 1303 688 siae
1317 609 1396 690 'Det
1418 618 1457 688 in
1480 617 1598 711 operis
1617 613 1834 690 scholasticis
1856 633 1918 691 aut
1948 621 1987 689 iu
2018 619 2218 690 ministerio

1231 715 1490 795 Ecclesiastico.
1550 717 1657 791 Tales
1677 724 1836 814 profecto
1859 745 1940 792 cum
1962 733 2046 792 suut
2067 721 2219 794 modesti

1232 835 1268 894 et
1290 823 1383 916 pacis
1406 823 1583 902 amantes,
1621 824 1878 915 complectendi
1901 838 1935 895 et
1955 823 2103 894 iuvandi
2127 836 2221 910 suut,

1233 938 1273 996 ut
1283 925 1390 996 lilius
1404 923 1472 996 Dei
1494 923 1628 1019 inquit:
1657 925 1716 996 cui
1730 927 1787 996 vel
1805 927 1954 1016 frigidae
1968 948 2081 1020 aquae
2096 939 2222 1019 potum

1166 1099 1169 1106 ,
1233 1026 1299 1098 uui
1320 1051 1361 1096 ex
1381 1025 1541 1096 minimis
1562 1050 1725 1097 meomm
1746 1029 1941 1100 doctrinae·
1950 1028 2103 1100 tuendae
2119 1049 2222 1100 musa

199 1303 269 1379 No.
284 1303 398 1378 7020.
497 1311 500 1318 ’

193 1401 407 1444 W

220 1601 224 1608 ,
342 1547 345 1553 ’
459 1507 696 1619 Magistro
724 1504 907 1594 Oineon.

257 1673 277 1738 †
296 1669 333 1722 Ex
346 1667 515 1794 ιῃῑοςηξὴο
527 1667 661 1722 Melaotlr.
675 1668 703 1723 iu
715 1669 777 1725 cod.
791 1668 940 1726 Laudabat.
955 1667 1048 1724 tatu
1061 1665 1113 1722 iol.
1124 1665 1184 1723 tes.

289 1739 450 1812 descriptas
482 1777 492 1794 .
507 1738 539 1796 V.
551 1737 691 1814 Saloudeia.

216 1891 442 1968 Eruditiune
465 1903 497 1965 et
512 1893 654 1964 ‘virtute
677 1895 890 1992 praestanti
912 1891 969 1966 M
974 1893 1157 1993 agistro

478 1990 650 2070 Otman
677 1997 796 2068 amica
812 2023 891 2070 sao.

189 2135 238 2225 S.
264 2150 312 2221 D.
360 2147 485 2219 Laudo
501 2161 598 2218 tuam
617 2145 802 2238 pictatem,
823 2163 859 2220 et
873 2121 939 2220 deo
957 2160 1090 2238 gratam
1107 2169 1181 2216 esse

189 2276 264 2322 nou
288 2250 433 2336 dubito,
465 2251 562 2344 quod
589 2249 696 2318 etiam
717 2250 797 2322 istic
818 2249 988 2324 Ecclesiis
1012 2249 1179 2335 consulis,

190 2457 340 2526 ctrinam
366 2455 504 2545 pietatis
525 2453 637 2523 tradis
659 2453 848 2528 iuventuti.
897 2453 967 2526 Hic
981 2447 1198 2538 Baldasas

135 2555 139 2568 '
191 2581 254 2626 ras
278 2580 501 2626 communem
518 2551 697 2625 Ecclesiae
720 2559 919 2630 doctrinam
937 2559 1027 2628 benc
1043 2556 1179 2628 didicit.

189 2659 276 2728 ldeo
299 2658 443 2752 publicu
466 2658 539 2728 ritu
561 2658 821 2732 sanctissimum
847 2659 1086 2734 ministerium
1109 2655 1181 2730 Ec·

190 2761 315 2832 clesiae
337 2761 369 2830 ei
390 2761 677 2830 commendatum
698 2774 761 2836 est.
820 2760 874 2834 Te
899 2765 968 2833 iam
991 2762 1029 2830 in
1053 2761 1181 2832 itinere

191 2888 264 2934 esse
279 2863 537 2949 arbitrabatur3
563 2875 677 2933 cetera
694 2863 806 2954 igitur
818 2890 949 2938 coram.
976 2861 1074 2933 Beue
1091 2863 1180 2937 vale.

188 2969 248 3036 dle
268 2961 327 3038 15·
344 2964 467 3058 Seplbs
624 3045 629 3050 ,

698 3062 889 3160 Philippus
903 3061 1131 3142 Melanthea.

1233 1129 1352 1206 dabit,
1371 1130 1573 1203 mercedem
1597 1128 1756 1220 accipiet.
1808 1128 1977 1223 luprimis
1999 1143 2118 1201 autem
2137 1130 2224 1200 uni-

1234 1253 1353 1302 versae
1367 1225 1555 1302 hominum
1570 1229 1662 1302 vitae
1674 1229 1825 1304 salutare
1840 1248 1910 1314 est,
1935 1233 2114 1325 principes
2127 1231 2224 1302 viros

1234 1334 1434 1404 doctrinam
1447 1335 1632 1404 coelestem
1646 1332 1841 1427 inquirere,
1856 1335 2054 1426 intelligere
2069 1346 2104 1405 et
2118 1334 2226 1410 tueri.

1234 1433 1357 1526 Quare
1379 1459 1462 1505 cum
1486 1436 1629 1506 audiam
1652 1437 1823 1507 celebrari
1846 1438 2054 1509 excellentes
2075 1435 2227 1506 virtutes

1234 1551 1332 1624 tuas,
1358 1549 1462 1631 teque
1484 1540 1602 1608 favere
1622 1537 1691 1632 piis
1713 1539 1840 1610 studiis
1858 1540 2077 1624 existimem,
2101 1550 2137 1610 te
2151 1561 2228 1626 uro,

1233 1653 1275 1710 ut
1304 1635 1388 1709 huic
1409 1633 1600 1726 Andreae,
1638 1641 1858 1732 confugienti
1887 1645 1932 1712 ad
1962 1654 1996 1712 te
2020 1654 2229 1733 patronum,

1234 1765 1310 1812 uon
1332 1739 1438 1816 desis.
1490 1737 1589 1834 Opto
1617 1741 1722 1814 etiarn
1747 1758 1789 1816 ut
1813 1745 1892 1814 luce
1915 1767 2018 1814 verae
2039 1743 2229 1814 doctrinae

1233 1855 1355 1936 pectus
1370 1857 1471 1914 tuum
1485 1841 1583 1915 Deus
1597 1847 1767 1918 accendat
1782 1862 1816 1919 et
1829 1859 1936 1938 regat,
1962 1859 2005 1916 ut
2018 1857 2083 1916 tua
2098 1845 2228 1935 guber·

1232 1946 1330 2016 natio
1357 1946 1423 2016 tibi
1447 1959 1483 2016 et
1504 1947 1584 2018 aliis
1606 1939 1850 2022 insalutatis.
1902 1947 2000 2018 Bene
2016 1947 2112 2019 vale.
2164 1943 2230 2018 Dic

1232 2047 1309 2118 divi
1326 2046 1522 2120 Laurentii.

77 2385 88 2410 ο
190 2368 226 2424 et
246 2379 320 2422 uon
342 2353 457 2422 solum
479 2353 653 2423 elementa
676 2351 877 2438 literarum,
908 2354 969 2424 sed
991 2352 1179 2422 etiamdo-
1230 2347 1425 2427 Noffoae.

1238 2447 1411 2478 m
2070 2453 2230 2478 “fl

1549 2519 1620 2606 Io.
1646 2517 1905 2610 Praetorio.

1334 2678 1420 2752 epac
1439 2679 1487 2738 ns.
1502 2679 1535 2738 v.
1554 2699 1582 2753 ρ.
1599 2675 1705 2753 ιιι...

1334 2835 1515 2910 Ioanni
1539 2820 2125 2948 Praetoria,(Vratislavii.)

1233 2975 1282 3062 S.
1307 2986 1352 3063 D.
1404 2984 1617 3058 Veneranda
1633 2987 1701 3074 vir,
1727 3003 1761 3060 ct
1776 2987 1981 3062 charissime
1995 2995 2125 3078 scater.
2159 3000 2236 3075 Do-

1235 3089 1522 3180 lores„gemitus
1542 3104 1577 3161 et
1600 3107 1681 3162 vota
1706 3116 1782 3162 mea
1800 3096 1924 3166 vestris
1943 3111 1976 3166 et
1991 3100 2187 3177 doloribus
2204 3121 2238 3178 et

1234 3194 1327 3264 votis
1350 3193 1519 3282 adiungo.
1571 3190 1612 3264 Si
1632 3217 1768 3284 possem
1785 3197 1891 3267 etiam
1907 3200 2045 3272 mederi
2062 3206 2237 3279 offensiu-

1158 3315 1163 3326 *
1234 3298 1361 3380 uibus,
1386 3317 1476 3388 quae
1491 3295 1586 3386 apud
1604 3319 1667 3364 vos
1690 3295 1914 3385 inciderunt,
1940 3301 2112 3378 lacerem.
2166 3310 2238 3382 Sed

1004 3445 1182 3564 Q.

545 3644 613 3734 Io.
643 3643 826 3760 Piryni.

260 3809 284 3880 †
306 3807 343 3862 Er
358 3807 515 3881 apogriplm
529 3809 558 3862 iu
572 3809 636 3864 cod.
650 3806 737 3864 Paris.
752 3807 789 3865 D.
802 3809 836 3864 1..
848 3807 910 3864 ὅδ’.
988 3881 995 3890 ⁸

194 3963 349 4038 Illustri
369 3977 401 4040 et
415 3959 625 4062 Magnifica
644 3961 832 4049 Domina,
865 3961 1083 4038 Iohanni
1105 3961 1204 4039 Pi·-

187 4071 304 4165 ‘ryni
317 4065 377 4162 ')‚
409 4065 621 4145 Nobilitate
645 4077 677 4137 et
701 4067 829 4140 virtute
849 4069 1082 4165 praestanti,
1114 4095 1185 4168 pa·

508 4179 616 4242 trono
629 4194 698 4240 sao
712 4167 874 4258 colenda,

194 4306 242 4396 S·
267 4319 312 4392 D.
365 4317 518 4391 Illustris
532 4335 566 4390 et
582 4317 772 4410 Magnifice
787 4317 953 4396 Domine.
986 4319 1185 4395 Rediturus

1235 3421 1351 3492 neque
1377 3419 1519 3466 caussae
1532 3398 1648 3465 sontes
1663 3399 1763 3480 novi,
1790 3425 1914 3496 'neque
1931 3427 1986 3474 me
2003 3405 2169 3482 iudicem
2186 3415 2247 3484 fta-¹
2323 3393 2324 3402 ἵ

1236 3501 1302 3569 cio.
1353 3497 1392 3569 Si
1417 3499 1505 3592 quid
1528 3511 1647 3569 tamen
1672 3523 1774 3593 posse
1795 3531 1814 3574 a
1838 3531 1892 3574 me
1911 3507 1986 3574 lieri
2003 3511 2241 3603 existimabis,

1235 3599 1442 3694 significato.
1784 3671 1786 3677 ,
2002 3677 2012 3696 ,
2174 3606 2179 3612 ’

1338 3702 1442 3773 Nunc
1464 3714 1499 3772 te
1515 3726 1600 3785 oro,
1626 3717 1667 3774 ut
1684 3703 1870 3794 mendico,
1896 3701 2079 3784 Iohanni
2092 3712 2242 3818 Tselsep

1237 3801 1424 3878 Olaviensi
1432 3855 1445 3890 ‚
1473 3805 1535 3898 qui
1550 3805 1620 3876 fuit
1636 3805 1693 3893 iu,
1719 3809 1838 3900 nescio
1855 3837 1947 3905 quo,
1974 3817 2138 3911 collegio
2155 3822 2242 3894 Mo·

1237 3903 1449 3992 anchorum,
1476 3907 1571 3978 idola
1594 3909 1804 3996 colentium,
1829 3927 1864 3984 et
1883 3937 1980 3985 nuuc
1993 3917 2122 3993 Deum
2150 3941 2245 3998 recte

1238 4014 1402 4080 iuvocare
1419 4011 1542 4095 discit,
1562 4011 1689 4102 stipem
1706 4015 1860 4104 colligas.
1913 4016 2052 4106 Spero,
2076 4029 2167 4098 usui
2183 4033 2245 4099 fu-

1236 4129 1358 4184 turum
1384 4135 1456 4181 csse
1477 4111 1516 4182 iu
1543 4116 1703 4184 ducenda
1726 4112 1882 4188 Ecclesia
1911 4121 2062 4200 alicubi.
2131 4127 2245 4203 Mitto

1152 4247 1156 4254 ·
1238 4215 1339 4286 vobis
1353 4215 1517 4308 pagellas,
1542 4240 1692 4310 quarum
1707 4219 1894 4290 lectionem
1912 4245 2017 4312 spero
2038 4231 2151 4302 vobis
2170 4258 2247 4304 uou

1236 4319 1416 4387 insuavem
1435 4315 1522 4386 fore.
1562 4315 1763 4413 Benevola.
1803 4322 1870 4394 Die
1886 4323 1948 4395 28.
1967 4324 2082 4406 Febr.
2123 4331 2248 4408 Reve-

194 4425 232 4494 iu
247 4421 470 4494 Pannoniam
484 4415 724 4492 hicAndreas
739 4423 1087 4496 testimouiumame
1101 4449 1183 4498 suae
1235 4423 1347 4490 reudo
1379 4419 1475 4504 viro,
1517 4417 1675 4491 Domino
1694 4418 1856 4494 Musaeo
1878 4439 1912 4496 et
1934 4429 2041 4500 vobis
2067 4441 2250 4512 omnibus

195 4525 402 4615 diligentiae
426 4527 464 4594 in
486 4527 613 4596 studiis
636 4537 671 4595 et
692 4525 884 4595 modestiae
908 4526 947 4594 in
963 4527 1124 4598 moribus
1138 4535 1182 4600 ad
1234 4523 1383 4594 salutem
1401 4533 1498 4614 opto.

194 4643 230 4699 te
255 4629 486 4698 adferendum
509 4649 583 4696 esse
604 4627 759 4718 putavit,
785 4629 880 4720 quod
904 4641 998 4698 certe
1019 4631 1183 4720 prodesse

162 4733 165 4742 '
196 4731 228 4800 ei
243 4745 337 4822 opto.
390 4727 478 4799 Nam
500 4743 532 4798 et
547 4742 672 4798 natura
689 4729 733 4798 ad
754 4730 949 4816 iusticiam,
973 4733 1181 4803 modestiam
1297 4793 1300 4800 .

197 4849 230 4902 et
247 4833 479 4902 constantiam
498 4833 535 4900 in
551 4831 650 4901 omni
674 4831 790 4903 officio
812 4832 945 4903 factum
970 4837 1045 4902 'esse
1064 4835 1183 4904 auim-

196 4935 350 5018 adverti,
398 4947 432 5003 et
471 4947 620 5004 naturae
656 4933 750 5002 bona
792 4934 994 5004 eruditione
1032 4937 1182 5008 cultiora

196 5037 289 5111 fecit.
344 5033 543 5141 Diligenter
562 5035 658 5104 euim
682 5049 720 5106 et·
738 5034 910 5108 elementa
932 5033 1183 5162 philosophiae
1234 5059 1446 5094 *ἣν

195 5203 406 5228 ιι--·“·“-·“·

230 5291 417 5364 merente?
440 5317 475 5333 -
510 5289 572 5348 Vid.
590 5309 633 5363 ep.
651 5289 679 5344 d.
695 5287 738 5346 2⁷.
753 5287 840 5344 Mart.
861 5291 938 5347 1545.
981 5291 1090 5349 Nomen
1108 5296 1181 5352 idem

264 5381 321 5416 esse
337 5362 452 5416 videtur.
496 5360 611 5417 illustris
632 5359 755 5417 entius
776 5371 901 5434 tempore
917 5362 1021 5418 nmina
1037 5365 1181 5422 Nobilium

259 5431 367 5518 Pereny
380 5428 410 5488 iu
422 5429 570 5503 Huugsris.

1973 4625 2199 4732 Philippus.

1243 4963 1311 5037 No.
1325 4961 1437 5032 7025.
2104 4989 2141 5057 4,
2158 4979 2228 5053 lm,

2068 5073 2257 5108 m

1509 5129 1661 5217 Ponto
1691 5129 1946 5219 Praetorio.

1302 5293 1341 5348 Ει
1357 5301 1467 5362 autogr.
1485 5292 1514 5345 iu
1533 5289 1596 5347 cod.
1617 5290 1690 5347 8eid.
1711 5273 1813 5350 Dreid.
1837 5291 1907 5348 edite
1925 5293 1954 5348 iu
1978 5295 2095 5428 Ρὲἔι.
2116 5307 2141 5366 Ι,
2166 5313 2260 5384 ηις.

1334 5365 1439 5488 sanga.
1457 5360 1539 5434 epi.
1573 5359 1731 5420 haesimus
1747 5363 1925 5437 apognahon
1945 5363 1983 5420 ln
2090 5377 2196 5439 natu.
2210 5383 2263 5446 lv.

1334 5454 1363 5508 P.
1411 5469 1420 5488 e
