4552 6178
215 277 292 351 sos
787 267 1212 366 Quensrtonrs
1263 265 1669 350 acaunntcsn
2131 283 2174 358 su

322 445 402 518 Hoc
422 446 615 518 discrimen
638 445 669 516 si
692 443 957 532 consideretur,
989 444 1133 540 planius
1156 443 1217 517 in·
1268 441 1457 535 κόλυυθα,
1492 445 1626 520 Paulus
1654 441 1816 542 loquitur
1843 447 1887 517 de
1910 445 2089 520 Mediatore
2113 458 2189 546 propi-

222 550 335 640 telligi
360 549 511 643 poterit,
542 549 606 644 qni
627 547 700 619 sint
728 547 844 618 iontes
870 543 1218 620 Enthusiasticanrnt
1271 550 1434 622 ciationis
1457 563 1490 622 et
1513 547 1794 635 intercessionis,
1826 549 2008 632 videlicet,
2035 553 2072 622 de
2087 577 2191 644 person
2224 589 2225 622 t

226 649 572 737 hallucinationum,
604 653 771 722 deessent
794 663 827 720 et
843 651 1094 724 certitudinem
1111 676 1221 746 quae·
1273 676 1354 726 eum
1368 676 1452 723 vero
1474 653 1660 722 demedio
1682 651 1854 736 dicimus,
1877 677 1954 724 non
1970 661 2190 746 persorensi
2224 713 2225 730 t

149 777 159 794 ⁴
226 767 330 840 runt,
362 768 403 826 ut
425 754 463 823 in
486 747 640 848 physicis
661 767 696 824 et
717 753 901 824 abducunt
921 768 1057 828 mentes
1073 777 1094 826 a
1110 756 1221 826 verbo
1273 753 1432 825 medium
1454 755 1701 842 nominamus,
1732 777 1805 848 quo
1826 753 1927 824 illam
1950 755 2052 848 ipsam
2070 779 2194 848 menum

228 857 319 943 Dei,
344 856 494 928 etfidem
510 854 623 948 reipsa
640 855 861 944 extinguunt.
1168 872 1171 880 '
1275 856 1510 948 agnoscimus.
1562 855 1652 928 Nam
1668 854 1811 947 agnosci
1824 852 1958 927 Filium
1975 871 2105 947 oportet
2136 859 2196 949 Qus·

333 955 442 1048 Quod
463 971 581 1028 autern
605 956 692 1028 dicit
715 951 906 1048 Euripides
928 955 973 1028 ad
989 955 1121 1029 malam
1140 983 1224 1030 cau-
1274 983 1313 1029 re
1328 955 1453 1028 Esaias
1468 958 1604 1053 inquits
1638 955 1778 1030 Noticia
1798 959 1891 1028 servi
1911 959 1979 1028 mei
1999 959 2197 1032 iustiiustiln-

231 1084 306 1130 sam
321 1053 811 1152 persuadendamadhibenda
825 1081 898 1129 esse
911 1052 1013 1154 σοφὰ
1027 1053 1224 1156 φάρμακα,
1275 1061 1330 1132 bit
1348 1061 1493 1137 multos.
1550 1058 1679 1156 Cyrilli
1700 1083 1786 1130 vero
1810 1059 1947 1134 dictum
1968 1059 2081 1151 Magos
2098 1065 2197 1144 danen,

232 1164 271 1233 id
288 1162 347 1233 isti
364 1185 437 1232 non
452 1160 598 1232 faciunt.
645 1155 725 1231 Etsi
747 1159 843 1230 enim
865 1161 977 1232 multa
998 1158 1226 1255 sophismata
1276 1162 1470 1262 quimedia
1485 1187 1558 1234 nou
1575 1163 1738 1255 ordinata
1754 1159 1865 1232 aDeo
1881 1178 2063 1259 quaerunt.
2224 1235 2225 1260 p

233 1277 461 1352 coacervant,
492 1275 612 1334 tamen
634 1261 717 1332 illae
738 1275 957 1334 monstrosae
983 1264 1226 1336 ratiocinatio-
1380 1263 1451 1336 Sed
1481 1289 1585 1358 spero
1609 1259 1697 1334 haec
1724 1264 1903 1356 copiosius
1929 1267 2138 1336 declaraturos
2157 1289 2197 1336 ue

233 1389 298 1436 nes
313 1390 389 1437 non
404 1379 488 1436 sunt
503 1357 605 1460 σοφὰ
619 1355 823 1460 φάρμακα,
852 1366 913 1434 sed
928 1357 1226 1438 hallucinationes
1281 1389 1360 1452 eos,
1389 1367 1452 1460 qui
1473 1367 1703 1438 refutationes
1732 1365 1970 1438 Stenelsieldii
1994 1369 2096 1440 edent.
2137 1365 2196 1437 llnnt

234 1493 299 1538 ceu
328 1469 455 1538 morbo
483 1465 678 1562 furentium
711 1460 775 1540 καὶ
812 1462 1096 1563 τετυφομὰκων,
1138 1469 1227 1564 quid
1278 1493 1342 1539 oro
1369 1469 1483 1538 lilium
1503 1465 1591 1555 Dei,
1622 1468 1685 1560 qtsi
1707 1480 1761 1538 est
1782 1460 1892 1569 λόγος
1913 1470 2046 1541 aeterni
2068 1469 2198 1560 patrius

234 1567 331 1642 enim
348 1567 580 1640 monstrosius
593 1580 644 1638 est
658 1567 721 1638 illo
737 1583 955 1658 argumento.
1223 1646 1227 1656 ¹
1277 1563 1430 1664 protulit
1464 1569 1585 1641 vocem
1620 1567 1829 1664 Evangelii,
1880 1585 1924 1644 ut
1954 1572 2044 1642 inter
2075 1593 2125 1640 nor
2145 1593 2197 1640 sen

336 1669 439 1744 Unus
461 1685 513 1744 est
537 1669 713 1742 mediator
737 1664 917 1742 Christus:
955 1665 1053 1761 Ergo
1075 1674 1151 1742 non
1174 1686 1227 1746 est
1278 1696 1342 1767 per
1373 1697 1458 1742 voce
1487 1669 1675 1764 Evangelii
1708 1671 1851 1762 colligat
1881 1670 2088 1758 Ecclesiam,
2119 1683 2196 1742 etro

235 1773 392 1846 medium
414 1798 481 1844 vox
504 1768 702 1864 Evangelii.
753 1770 850 1844 Haec
865 1765 951 1844 sunt
971 1797 1116 1866 prorsus
1132 1769 1225 1848 ulru-
1279 1776 1463 1866 gubernet.
