4638 6172
64 301 131 382 sot
166 251 170 262 ’
814 291 1142 372 capuanum
1192 291 1354 372 mna
2027 307 2106 388 ω,

61 475 144 550 Nam
159 475 260 572 qnod
274 472 433 546 didicere
445 472 607 558 iabnlas,
631 493 720 566 quas
735 465 918 558 exhibent,
1104 464 1161 540 De
1177 469 1306 542 studiis
1321 457 1407 542 lnlii
1422 471 1629 564 longissima
1645 477 1780 548 mentio
1797 479 1899 556 lacta.

61 579 214 652 Honeste
229 601 333 650 causa
347 591 401 650 est
414 589 455 648 nt
468 576 572 648 latini
590 573 694 668 copia
846 613 855 646 s
1105 565 1142 641 Ο
1158 573 1369 644 tefoclicem
1386 575 1494 646 talem
1510 577 1676 648 cumlata
1693 579 1871 652 dederunt

60 679 239 756 Sermonis
252 675 484 753 exhauriatur
499 703 542 750 er
556 674 614 750 his
625 676 799 750 sontibus.
1105 672 1286 757 Mentem,
1313 701 1404 771 qnae
1419 679 1519 768 vulgi
1534 680 1715 752 damnosis
1732 681 1844 756 libera
1860 687 1966 774 curis,

60 785 148 858 Huic
164 808 230 856 vos
244 784 365 855 studio
380 784 499 854 lavere
514 781 666 852 maxime
680 782 796 852 decet:
1030 822 1035 831 ·
1107 775 1200 848 Vera
1215 779 1316 874 sequi
1331 794 1441 852 certet
1455 781 1551 854 bona
1567 806 1643 853 non
1659 783 1813 857 obnoxia
1831 791 1949 862 morti.

59 885 101 960 Et
114 887 223 960 rebus
238 886 326 980 ipsis
340 884 477 958 utilitas
493 897 530 956 et
546 883 658 975 gratia
1104 876 1250 951 Caetera
1264 882 1368 952 turba
1382 877 1547 956 homines
1562 907 1637 956 non
1652 909 1726 958 uno
1743 913 1862 962 errore
1878 905 2057 980 tenentur,

59 989 181 1082 lngens
199 989 308 1074 inest,
333 989 507 1079 imagines
524 988 618 1056 vitae
635 986 796 1056 omnium
1103 979 1194 1052 Nam
1208 983 1370 1078 plerique
1383 987 1486 1076 gulae
1499 1001 1681 1060 sectantur
1694 995 1899 1080 commoda,
1925 1007 1959 1067 et
1973 995 2087 1089 ipsam

57 1091 257 1186 Pinguntur
271 1090 311 1162 in
328 1089 493 1162 Terentii
507 1086 726 1176 Comoediis,
1104 1081 1257 1156 Vincere
1270 1091 1493 1162 contendunt
1508 1089 1695 1186 Sybarim,
1723 1117 1805 1185 pars
1821 1097 1931 1189 pallet
1944 1123 2066 1172 amore

57 1195 152 1288 Quae
166 1195 348 1286 singulos,
374 1193 491 1290 qualis
506 1193 628 1294 deceat
642 1191 852 1263 moderatio.
1103 1181 1366 1260 Accumulaudi
1380 1193 1476 1279 auri,
1503 1195 1696 1288 studioque
1710 1199 1858 1272 senescit
1872 1195 2040 1276 habendi.

56 1297 225 1390 Qualisre
237 1297 278 1370 in
295 1295 435 1368 actione
449 1296 621 1388 dignitas,
644 1307 804 1368 monent.
1103 1284 1338 1386 Ambitioque
1353 1295 1448 1388 capit
1463 1297 1612 1381 multos,
1639 1299 1820 1394 fascesque
1833 1283 1991 1394 superbi,

56 1399 241 1496 beporque
256 1399 389 1472 mixtus
404 1411 472 1485 est,
496 1400 656 1492 salesque
670 1396 826 1470 candidi.
1104 1387 1150 1462 llt
1163 1393 1241 1464 leve
1255 1395 1390 1468 fallacis
1407 1399 1504 1488 vulgi
1519 1399 1749 1496 studiumque
1764 1405 1947 1500 favorque,

56 1503 123 1595 Qui
138 1502 314 1576 suavitate
328 1503 528 1575 orationem
544 1501 731 1585 condiunt,
1102 1491 1199 1566 Haec
1215 1522 1359 1592 quoque
1375 1523 1451 1586 me,
1477 1502 1548 1572 nisi
1566 1501 1636 1574 luli
1656 1507 1803 1596 probas,
1828 1507 1969 1580 insania
1985 1508 2101 1602 coepit

52 1603 92 1679 Ec
109 1629 216 1700 saepe
232 1618 324 1677 tecte
338 1619 585 1690 commonent,
611 1605 709 1698 quod
722 1601 875 1695 expedit.
1101 1595 1220 1668 Flacci
1237 1623 1335 1670 more
1351 1601 1457 1688 boni,
1482 1617 1608 1676 tennes
1623 1608 1799 1680 deducere
1815 1634 1956 1682 versus:

50 1707 190 1782 Dixisse
208 1710 390 1803 qnondam
404 1711 519 1780 fertur
530 1703 647 1778 Attica
663 1706 797 1792 civitas,
1101 1697 1161 1772 Sic
1176 1701 1283 1773 etiam
1297 1726 1429 1798 cygnos
1447 1705 1633 1778 imitabere
1649 1735 1755 1782 corve
1771 1735 1934 1788 canoros.

48 1811 160 1884 Natus
175 1809 371 1884 Menandri
383 1807 522 1882 Comici
539 1809 677 1901 lepidos
690 1809 782 1880 sales
1101 1802 1161 1873 Tu
1175 1806 1268 1874 vitae
1281 1807 1409 1878 melius
1424 1811 1572 1902 coepisti
1589 1809 1657 1882 iter
1671 1811 1811 1904 ingredi
1829 1815 1913 1902 luli,

47 1916 116 1986 illa
133 1939 177 1986 ox
191 1915 277 1986 salis
289 1937 434 2008 spuma,
456 1911 579 1983 Venus
594 1937 664 2007 qua
678 1912 811 1982 dicitnr
1100 1903 1272 1978 Palladiis
1285 1923 1386 1980 natas
1402 1925 1496 1982 artes
1513 1915 1599 1986 dum
1614 1915 1713 1986 solus
1727 1911 1896 2006 Athenis,

46 2013 205 2102 Exorta,
231 2017 388 2111 primum
404 2039 445 2086 ex
461 2010 607 2085 Oceana
624 2039 705 2088 cnm
720 2013 872 2107 prodiit:
1101 2005 1220 2104 Atque
1241 2026 1365 2082 auctus
1388 2015 1499 2084 veteri
1517 2015 1619 2086 Latio
1641 2017 1680 2086 in
1702 2019 1856 2111 patrium
1881 2019 2024 2096 invehis
2038 2050 2100 2096 or-

46 2119 88 2191 ld
103 2119 305 2212 praedicari
319 2132 354 2188 et
370 2120 415 2188 de
430 2115 594 2186 Terentii
608 2117 696 2187 iocis
1617 2115 1710 2206 herm

45 2221 269 2318 Quanquam
285 2219 526 2292 severioribus
536 2220 756 2292 conceditur.
1101 2211 1326 2310 Virtutisqne
1342 2215 1456 2299 viam,
1480 2218 1644 2314 legesque
1659 2225 1846 2295 ostendere
1860 2225 1989 2320 pergis.

45 2324 158 2395 Nunc
172 2321 430 2396 Phormionem
448 2335 590 2392 acturus
606 2336 659 2393 est
675 2336 797 2393 noster
812 2315 944 2392 chorus
1101 2313 1219 2386 Macte
1234 2318 1355 2390 animo
1374 2319 1535 2408 iuvenis,
1562 2337 1777 2420 coeptusque
1790 2351 1916 2420 urgere
1933 2331 2074 2404 labores

46 2425 126 2517 Qui
142 2429 288 2518 praebet
305 2425 344 2495 in
358 2421 427 2496 hoc
444 2423 611 2516 innoxios
628 2417 766 2498 theatro
784 2425 893 2496 iocos.
975 2496 987 2517 .
1100 2417 1153 2488 Ne
1169 2420 1314 2507 desiste,
1339 2421 1440 2494 dabit
1457 2447 1624 2494 curarum
1642 2427 1798 2520 praemia
1816 2431 1924 2524 digna
2005 2492 2010 2504 .

48 2531 120 2604 Sed
136 2524 377 2600 Phormiones
393 2541 476 2598 sunt
491 2527 622 2619 opinor
634 2528 783 2620 plurimi
1099 2516 1294 2594 Posteritas
1309 2525 1454 2606 melior,
1482 2524 1664 2622 iustosque
1677 2533 1848 2620 rependet
1864 2527 2029 2622 honores,

49 2631 142 2720 Alii,
167 2632 242 2704 suis
257 2629 321 2726 qni
335 2625 576 2727 sycophantiis
591 2641 748 2714 movent,
1099 2621 1193 2709 Nos,
1215 2625 1367 2716 patiare,
1392 2625 1453 2719 pio
1468 2641 1502 2698 te
1516 2629 1673 2700 carmine
1690 2631 1863 2724 dicimus,
1889 2652 1996 2734 atquc

51 2733 279 2830 Vertnntqne
295 2747 368 2808 tota
384 2756 511 2826 regna,
537 2754 627 2828 quos
641 2727 826 2805 coherceat
1100 2719 1187 2797 Esse
1203 2728 1256 2798 tui
1269 2729 1384 2820 gregis
1397 2743 1562 2822 optamus
1577 2755 1659 2826 pars
1677 2735 1811 2828 optime
1824 2735 1906 2812 lali.

52 2833 169 2926 Deus,
193 2837 362 2932 piamque
377 2833 557 2910 Ecclesiae
573 2859 694 2928 pacem
711 2858 795 2906 suae

55 2941 124 3014 Det
137 2933 440 3036 sycophantarum
457 2937 649 3032 peremptis
664 2937 835 3020 coetibus,

57 3041 100 3116 Et
114 3042 277 3115 omnium
291 3043 460 3114 incendat
475 3055 661 3132 regentum
678 3055 831 3134 pectora,
1146 3119 1151 3126 ,

58 3143 102 3218 Ut
115 3145 300 3218 veritatem
316 3145 483 3217 traditam
501 3143 675 3215 divinitus
851 3167 858 3184 ·
1124 3147 1192 3224 No.
1204 3145 1266 3225 50.
1924 3194 1972 3233 en.
1993 3173 2085 3236 1525,

58 3242 101 3320 Et
115 3247 211 3334 inre,
237 3247 481 3342 iustitiamque
494 3243 572 3318 Deo
587 3259 721 3338 gratam
736 3245 869 3320 colant.
1107 3245 1279 3280 ψ
1918 3263 2089 3292 ‘⁴⁹⁸⁶

60 3347 122 3422 sed
138 3373 247 3423 03⁸⁰·
297 3348 402 3422 Nunc
418 3348 670 3421 Tel'fflllfflm
685 3347 842 3420 fabulam
1168 3368 1233 3424 Tris
1249 3367 1383 3442 epitaphia
1397 3370 1557 3442 friderico,
1580 3371 1652 3430 Duci
1666 3376 1727 3434 Su.
1742 3379 1842 3450 scripta
1853 3379 1984 3452 leguntur
1997 3385 2024 3440 in
2040 3386 2097 3440 lar.

57 3454 182 3526 Audite
198 3475 329 3548 quaeso
344 3477 425 3524 curn
440 3451 633 3538 modestia,
656 3463 697 3522 ut
711 3452 824 3525 decet.
1203 3439 1441 3564 ffffifasfflpn
1452 3440 1665 3568 sscgpgpiflassl'q
1677 3465 1703 3518 Ρ·
1716 3447 1776 3505 ⁸3⁷·
1789 3461 1814 3502 ²¹
1828 3453 1899 3520 ῬΜ
1914 3451 1994 3510 vim.
2014 3471 2041 3524 a·
2051 3457 2096 3516 ⁹⁵·

1603 3535 1676 3574 noa.
1692 3517 1761 3573 Dec.
1773 3517 1795 3571 l.
1815 3538 1840 3588 p.
1848 3519 1911 3575 829.

1135 3685 1384 3781 Epitaphium
1409 3687 1676 3786 frederici,
1701 3695 1825 3769 Duco
1843 3701 2061 3793 sueoniae,
2167 3791 2173 3800 ¹

79 3825 142 3902 No,
159 3825 221 3900 49.
706 3832 845 3910 (rom,
860 3853 908 3936 {¹¹-
925 3831 1036 3912 1525.)
1356 3795 1547 3888 Principis
1567 3799 1751 3872 Electors‘s
1769 3805 1835 3874 etc.

64 3925 233 3954 W
695 3927 1047 3969 x-ae-v-——ae

1101 3959 1197 4034 Ante
1212 3973 1306 4053 petet
1322 3985 1427 4032 cursu
1440 3959 1620 4035 Boiemica
1636 3991 1720 4038 rura
1736 3970 1879 4062 supino,

189 4133 206 4166 n
290 4116 347 4170 115.
367 4141 397 4154 -
434 4109 486 4163 lllo
507 4106 1048 4190 temporeluisseamtcitierninlerhle-
1153 4063 1313 4138 Undeln
1326 4061 1915 4162 saxonlffisdeflullAlblsl'hms:

154 4185 316 4238 leuthonem
331 4193 357 4236 et
374 4179 472 4234 lulium
487 4177 641 4248 Pllugrurn,
660 4187 793 4231 testantur
807 4177 934 4247 epistolae
953 4177 1014 4234 Vol.
1029 4179 1049 4232 l.
1103 4165 1237 4261 Inclyta
1254 4191 1360 4261 quarn
1377 4168 1487 4260 possit
1503 4169 1713 4242 meritorum
1728 4173 1819 4242 sama
1838 4187 1979 4243 quorum

154 4271 182 4328 Ρ·
196 4253 256 4307 ⁷⁶¹·
275 4251 340 4306 ⁰⁰¹¹·
357 4251 446 4326 ‘⁸⁹⁵²
461 4259 487 4302 ‘¹
499 4247 560 4302 ⁹³⁹·
1153 4265 1329 4342 Occidere
1345 4270 1383 4339 in
1401 4269 1562 4362 populis,
1589 4275 1670 4348 Dux
1689 4273 1889 4355 Friderice,
1912 4275 1995 4348 tuis.

143 4410 344 4506 Μωνίω
368 4405 591 4484 Μ
766 4401 954 4504 Μνί
1102 4367 1936 4568 ‘aab

58 4583 158 4658 Forte
173 4583 312 4678 equites
321 4579 415 4676 Mysi
428 4581 606 4674 quendam
622 4577 802 4648 celebrant
812 4571 1048 4672 hymenaeum
1102 4575 1193 4646 Pace
1209 4577 1281 4646 lrui
1299 4577 1434 4667 placida
1450 4579 1635 4672 campique
1651 4579 1826 4673 urbesque
1842 4583 2015 4662 solebant,

56 4685 170 4782 Atque
184 4685 320 4777 agitant
334 4681 498 4759 convivia
516 4681 620 4766 laeti,
645 4693 680 4750 et
695 4677 821 4772 pocula
836 4693 982 4765 certant,
1152 4677 1342 4750 Horrenda
1358 4677 1520 4750 extimuit
1536 4679 1677 4750 classica
1693 4681 1792 4751 nulla
1809 4707 1933 4768 nunts,

59 4787 158 4861 hlore
172 4787 360 4883 peregrino
375 4781 558 4856 Thracum
573 4785 703 4854 siccare
721 4779 887 4852 vicissim.
1102 4781 1201 4852 Bella
1216 4782 1277 4852 alii
1293 4782 1407 4864 lerro,
1436 4783 1496 4852 sed
1512 4793 1551 4854 tu
1567 4783 1705 4854 ratione
1718 4787 1875 4874 gerebas.

57 4890 114 4962 lle
132 4892 319 4976 miserum,
345 4889 419 4979 ipsa
435 4910 497 4956 sna
511 4909 677 4977 germana
693 4883 864 4955 modestia
882 4885 965 4956 sede
1153 4881 1200 4956 llit
1217 4885 1294 4953 sine
1309 4885 1345 4952 vi
1362 4883 1444 4953 victi
1460 4909 1563 4977 saepe
1579 4888 1705 4956 dedere
1720 4909 1859 4960 manus.

57 4989 199 5080 Exttlat,
224 5007 260 5065 ct
274 4993 379 5062 luxus
397 4989 565 5060 virtutem
583 4987 685 5058 eiecit
698 4985 841 5062 avitam.
1103 4986 1251 5078 Ingenio
1268 4987 1381 5056 claros
1395 4987 1554 5057 meruisti
1572 5012 1675 5079 saepe
1690 4983 1905 5078 triumphos,

57 5093 120 5168 llic
135 5097 201 5170 nbi
216 5095 385 5168 convivas
402 5093 495 5162 inter
509 5089 712 5162 doctissime
726 5087 805 5174 luli,
1153 5089 1341 5183 Militeque
1357 5083 1453 5158 haud
1468 5089 1543 5161 ullo
1558 5091 1624 5160 lixa
1640 5086 1807 5182 trophaea
1825 5091 1903 5164 tibi.

59 5197 195 5290 Agnovi
213 5197 401 5278 iuvenem,
427 5209 543 5266 vestro
560 5191 789 5286 cognomine,
816 5190 966 5272 clarum,
1099 5189 1148 5264 Et
1163 5193 1259 5283 pacis
1273 5191 1400 5261 studiis
1415 5191 1562 5282 llorere,
1588 5218 1628 5263 ac
1644 5193 1780 5262 artibus
1797 5195 1903 5263 urbes

61 5297 190 5400 inclyta
206 5303 301 5372 fama
315 5315 397 5372 tuae
412 5297 554 5370 virtutis
570 5295 685 5386 cogit,
711 5295 874 5368 utillum
1072 5297 1076 5433 ι
1151 5293 1311 5385 Contigit
1328 5293 1504 5385 auspicio,
1529 5291 1611 5366 Dur
1625 5293 1825 5381 Friderice‚
1851 5309 1924 5368 tuo.

57 5401 288 5498 Compellem,
311 5415 435 5472 contra
452 5425 508 5470 me
522 5401 683 5490 ignotum
698 5411 843 5484 tractat,
870 5393 1049 5492 habetque
1072 5451 1075 5469 .
1099 5397 1236 5472 Fovisti
1251 5412 1385 5490 spretas
1401 5391 1466 5466 hac
1480 5409 1685 5488 tempestate
1699 5395 1907 5482 Camaenas,

58 5502 230 5594 Comiter,
255 5517 291 5578 et
308 5528 445 5576 mecum
461 5524 641 5574 sermones
659 5499 822 5584 miscuit,
849 5513 971 5594 estque
1070 5472 1075 5570 l
1151 5499 1288 5574 Unicus
1306 5512 1341 5572 et
1356 5499 1484 5672 stqqiip
1500 5499 1654 5590 praemia
1672 5499 1777 5590 digna
1796 5501 1916 5572 dabas.

120 4049 153 4102 ln
168 4043 307 4167 icrpagine
319 4041 410 4099 Secer.
424 4052 449 4094 et
463 4042 490 4094 in
507 4059 571 4110 opp.
585 4039 647 4094 Bas.
662 4038 696 4090 T.
709 4037 739 4092 V.
756 4035 849 4122 P'iw'
887 4039 968 4110 Apud
984 4035 1048 4090 Vin.

153 4133 187 4172 ee
220 4151 229 4168 ·
246 4133 274 4186 p.
