4652 6178
80 307 145 384 ua
395 283 399 286 ’
638 311 1068 408 Quaasrrouus
1121 316 1525 395 tennemonn.
1659 371 1663 386 .
2025 326 2100 402 asa

79 493 221 578 tempore
248 479 429 555 retineant
444 571 446 576 ,
455 484 629 586 sormam
652 485 815 586 primum
842 486 1054 564 institutum
1105 507 1228 586 postea
1251 493 1333 586 plus
1358 495 1533 568 viciorum
1556 497 1710 568 accessit.
1764 495 1848 568 ldeo
1871 523 2099 594 nequaquam

80 587 114 658 in
138 577 337 654 Ecclesia?
427 583 432 603 ⁸
1102 599 1147 666 ad
1159 595 1414 688 Apostolorum
1434 599 1593 688 exempla
1610 599 1848 687 conveniunt,
1875 616 1910 672 et
1929 605 2100 674 emenda-

171 685 266 757 llaee
288 685 448 782 quaestio
470 687 540 758 mm
566 691 691 782 agitari
717 692 826 778 solet,
852 717 934 766 eum
963 689 1054 786 Epi·
1102 699 1208 778 tione,
1219 723 1307 790 opus
1325 695 1467 774 habent.
1520 702 1591 774 Sed
1617 703 1661 772 de
1688 695 1754 773 hac
1776 727 1816 774 re
1836 705 2009 776 acrdinam
2032 705 2099 775 do-

79 789 166 882 scopi
184 801 217 860 ct
229 785 420 875 canonici,
453 791 633 864 defensuri
657 809 760 864 suum
786 794 924 882 ocium,
950 799 1053 868 volu·
1104 801 1240 872 minum
1257 799 1448 874 Doctorem
1463 797 1762 878 Muchubasum.

79 905 198 986 ptates,
232 904 265 962 et
288 893 422 986 impios¹
437 893 545 980 ritus,
571 898 725 988 allegant
749 897 932 970 vetustatis
958 899 1048 970 iudi-

80 997 174 1068 cium.
211 991 302 1065 Vera
319 995 429 1085 igitur
444 996 639 1092 antiquitas
654 999 855 1094 quaerenda
873 1015 935 1072 est.
986 1000 1051 1074 Sa·
1118 1077 1122 1086 ,

79 1099 118 1170 tis
132 1109 285 1196 cortstat,
312 1093 510 1190 Prophetas
523 1102 610 1170 olim
628 1096 793 1172 habuisse
808 1116 929 1174 coetus
944 1104 1052 1174 disci-

79 1201 256 1294 pulorum,
289 1195 427 1282 Eliam,
459 1197 641 1274 Elisaeum
666 1217 700 1274 et
728 1204 880 1286 similes,
920 1207 1052 1300 quibus
1101 1215 1244 1289 Nota.
1921 1245 1971 1294 an.
1998 1225 2092 1290 1543.

79 1303 283 1374 enarrabant
310 1303 422 1394 legem
445 1297 534 1394 Dei,
568 1319 601 1376 et
625 1305 876 1398 promissiones
899 1308 1051 1390 divinas,
1101 1311 1273 1339 Μ
1922 1315 2093 1344 ‘⁴⁵⁸‘

77 1421 107 1476 et
123 1405 305 1476 tradebant
321 1399 500 1480 historias.
552 1403 611 1478 Ad
634 1403 720 1478 haec
744 1409 861 1482 studia
884 1411 944 1480 alii
965 1411 1051 1482 alias
1162 1437 1196 1491 ln
1213 1433 1369 1504 Qomstoa
1390 1433 1522 1508 utroq.
1543 1461 1572 1476 -
1609 1433 1798 1509 Apognptan
1818 1433 1849 1489 in
1871 1433 2031 1493 aeumlao.
2049 1437 2091 1494 ss.

76 1508 180 1579 bonas
196 1521 289 1578 artes
305 1509 495 1579 addebant.
545 1507 654 1581 Hunc
672 1535 807 1582 morem
824 1513 952 1583 imitati
969 1529 1051 1584 sunt
1204 1523 1252 1558 ¹¹⁰·
1267 1503 1315 1561 tv.
1331 1523 1361 1572 Ρ·
1376 1505 1437 1560 ³⁸¹·

77 1607 245 1682 lohannes
257 1608 436 1702 Baptista,
460 1607 679 1684 ethristus.
733 1612 914 1686 ltaDuces
928 1609 1051 1687 Eccle-
1249 1687 1257 1705 ‚
1659 1687 1668 1704 ‚

78 1713 141 1782 siae
165 1736 302 1806 semper
317 1708 555 1786 Scholasticos
577 1729 698 1786 coetus
722 1739 838 1788 secum
857 1732 1050 1794 traxerunt.
1100 1685 1278 1770 ΜΝ
1297 1681 1345 1756 ‘i‘
1363 1683 1563 1774 ΜΗΘ,
1589 1691 1756 1756 ''mm“
1769 1682 2091 1762 d·5·F⁶⁶⁷·1543·

76 1811 119 1886 Et
134 1830 408 1887 consentaneum
424 1829 493 1902 est,
512 1817 704 1890 vetustiora
723 1841 797 1890 esse
812 1819 970 1913 exempla
982 1817 1051 1893 hu·
1101 1808 1186 1860 “um
1213 1785 1479 1862 demerem?
1506 1783 1655 1884 limam
1680 1787 1890 1862 mamm
1919 1793 1961 1861 θ’θ’
1985 1797 2093 1864 “iw-

78 1919 128 1989 ius
149 1919 211 1992 rei.
261 1917 404 1989 Primos
418 1915 541 1990 Patres
564 1944 677 2016 usque
696 1924 741 1992 ad
766 1923 876 1994 Moisi
902 1938 1050 1996 aetatem
1165 1913 1234 1986 ΨΒ
1260 1895 1346 1964 ''¹¹¹'‘
1366 1885 1482 1964 Dm·
1508 1887 1783 1964 chifilim
1809 1895 2035 1966 ΡΜΜΜ·

76 2035 162 2092 certa
176 2021 338 2092 sodalitia
352 2021 557 2093 auditorum
575 2019 740 2095 babuisse
758 2027 923 2096 arbitror.
948 2023 1052 2098 Post-

77 2147 114 2194 ea
147 2125 345 2196 institutum
378 2135 430 2194 est
454 2122 653 2217 Collegium
681 2127 725 2196 ad
751 2125 1053 2215 Tabernaenlnm,

79 2221 171 2296 haud
201 2227 327 2312 dubie,
357 2227 455 2298 utin
481 2251 520 2300 ea
543 2229 743 2324 frequentia
767 2233 967 2302 traderetur
988 2233 1053 2301 do-

1101 2046 1193 2132 Non
1216 2075 1269 2132 est
1291 2074 1431 2132 nostrae
1459 2060 1584 2133 aetatis
1607 2059 1805 2154 disputare,
1838 2087 1910 2156 quo
1940 2061 2091 2134 consilio

1103 2157 1173 2234 huc
1200 2165 1426 2234 adducantur
1450 2162 1572 2259 pueri,
1606 2179 1646 2237 ut
1670 2165 1814 2258 publice
1840 2165 1990 2236 recitent
2025 2165 2092 2236 ali-

80 2329 187 2400 ctrina
208 2329 417 2402 iunioribus.
475 2325 531 2400 Ex
556 2327 621 2402 hae
643 2329 833 2404 Academia
861 2334 1054 2404 extiterunt
1102 2269 1407 2440 {inimeergleigliln
1429 2279 1729 2460 ἓὲἶίᾜὲξθῗὲω
1743 2265 1818 2440 83¹1
1838 2263 2091 2443 lazicem&

80 2453 197 2522 magna
212 2426 476 2503 luminahuins
499 2435 645 2528 populi,
669 2431 834 2522 Samuel,
859 2435 994 2522 Sadoc,
1019 2449 1054 2508 et
1103 2469 1224 2562 Qum
1240 2472 1304 2542 m,
1320 2494 1423 2562 ,pem
1440 2497 1502 2542 νο,
1519 2466 1610 2540 mihi
1627 2472 1766 2540 ,enfgm
1784 2475 1887 2557 dm,
1904 2473 2000 2567 quod
2018 2473 2092 2542 ing.

78 2531 213 2604 similes.
264 2531 338 2606 Nec
361 2547 482 2628 putate
506 2549 647 2608 tantum
671 2551 818 2630 propter
835 2539 1053 2660 ceremonias
1102 2597 1162 2643 ,us
1187 2573 1226 2640 qn
1254 2567 1351 2642 hunc
1370 2573 1488 2642 locum
1510 2571 1648 2664 prodii,
1676 2585 1795 2644 tamen
1817 2575 1911 2647 ,iem
1933 2577 2092 2646 modes„

78 2657 131 2704 eos
152 2649 268 2708 coetus
293 2650 432 2708 coactos
453 2660 538 2712 esse.
589 2637 672 2710 Non
692 2653 768 2711 erat
792 2663 909 2712 ocrosa
937 2642 1053 2726 turba,
1103 2676 1114 2694 ·

78 2740 132 2807 sed
153 2739 336 2814 doctrinae
355 2739 483 2811 studiis
511 2741 644 2816 dedita.
703 2739 776 2813 Nec
811 2744 1053 2814 adolescentes
1103 2673 1377 2846 'igeniadeizi'
1405 2675 1919 2846 issv⁰⁵3r³⁰i⁰⁸e³⁸⁰d¹i¹iis
1945 2673 2091 2747 ma*

77 2853 204 2914 tantnm
222 2857 286 2914 aut
302 2841 372 2912 viri
389 2842 442 2912 ibi
458 2844 724 2919 erudiebantur.
775 2841 891 2918 Erant
913 2859 947 2917 et
973 2871 1054 2916 mu·
1103 2801 1150 2848 ⁸¹⁵
1175 2789 1326 2847 autem
1355 2801 1396 2846 ω
1448 2801 1533 2848 ⁰⁰³
1561 2779 1745 2864 dummur’
1771 2791 1868 2849 ΜΠ]
1909 2795 2090 2872 ”ww

91 2942 98 2958 .
679 2947 728 2968 ,,
795 2949 803 2966 ,
1104 2880 1193 2950 culis
1207 2878 1376 2960 admirari
1391 2873 1546 2950 honores
1562 2880 1764 2950 studiorum
1781 2881 1970 2960 discamus,
1997 2883 2089 2950 etad

76 2943 247 3016 liemmac
263 2942 470 3016 Puellarum
493 2941 652 3029 scholae,
678 2948 730 3018 sbc
743 2941 949 3034 Elisabeth,
974 2950 1053 3020 An·
1104 2984 1288 3054 literarum
1315 3003 1471 3052 amorem
1492 2983 1742 3064 accendamur,
1798 2979 1845 3054 E,
1864 2996 1905 3053 u,
1929 2983 2090 3076 quaestio

76 3069 132 3132 ¹¹³³
159 3045 301 3168 Mlffi’
327 3071 399 3118 ⁰¹¹³
426 3041 697 3168 Phil⁰³⁰l³h³²³²
724 3066 817 3124 mm·
868 3050 1052 3172 lnt‘fdu'J‘
1105 3085 1257 3176 intelligi
1281 3083 1408 3178 possit,
1442 3109 1549 3182 quam
1573 3085 1747 3171 recitabo,
1783 3085 1882 3179 prius
1917 3090 2091 3179 quaedam

77 3161 184 3220 autem
199 3151 456 3222 instaurandae
471 3151 654 3222 doctrinae
670 3151 877 3224 causallcus
891 3167 1055 3226 excitavit
1104 3190 1283 3260 narranda
1301 3201 1394 3258 sum·

75 3247 286 3345 Prophetas,
312 3253 375 3346 qui
390 3254 586 3344 peculiares
604 3249 753 3326 Scholas
770 3252 961 3331 habebant.
1000 3253 1054 3328 lta
1220 3270 1226 3276 '

77 3349 268 3428 Iohannem
284 3367 319 3426 et
330 3349 515 3426 Christum
530 3357 672 3447 agmina
688 3373 781 3430 certa
796 3359 1055 3452 discipulorum
1207 3353 1299 3428 Cum
1314 3352 1496 3428 Antonius
1510 3369 1546 3428 et
1560 3351 1735 3428 Octavius
1749 3359 1794 3428 ad
1815 3355 1995 3430 Mutinam
2016 3379 2091 3428 cer-

78 3459 321 3554 sequebantur.
370 3455 463 3528 Cum
478 3473 596 3530 autem
606 3456 772 3551 Apostoli
789 3463 1057 3534 constituissent
1108 3462 1153 3532 tis
1168 3461 1393 3553 pactionibus
1417 3481 1453 3528 se
1475 3459 1761 3542 coniunxisaent,
1787 3483 1828 3530 ac
1850 3461 1975 3530 foedus
1998 3459 2093 3530 inter

74 3555 264 3646 Ecclesiae,
290 3559 421 3652 passim
446 3576 480 3632 et
503 3561 571 3652 ipsi
596 3563 682 3633 tales
707 3560 857 3636 Scholas
884 3566 1058 3636 adiunxe-
1109 3589 1145 3634 se
1157 3564 1338 3648 fecissent,
1364 3558 1519 3633 Romam
1540 3563 1744 3648 redierunt,
1768 3563 1830 3634 ubi
1853 3575 1952 3655 rapta
1975 3561 2094 3630 domi·

75 3678 165 3736 runt.
217 3663 385 3736 Fuerunt
406 3661 515 3754 igitur
536 3660 775 3738 Alexandriae
804 3681 840 3738 et
868 3667 954 3738 alibi
987 3668 1058 3738 lre-
1109 3666 1275 3750 natione,
1300 3665 1414 3734 edicta
1436 3664 1706 3756 proscriptionis
1731 3666 1899 3735 adversus
1926 3663 2092 3732 inimicos

74 3780 214 3862 quentes
249 3759 420 3851 Scholae,
464 3791 615 3861 quarum
649 3770 722 3839 duo
756 3770 901 3842 luerunt
932 3771 1057 3844 officia.
1109 3791 1193 3840 suos
1221 3779 1502 3858 proposuerunt,
1534 3780 1687 3859 suntque
1709 3767 1827 3838 statim
1850 3765 1955 3858 initio
1980 3765 2092 3836 inter-

72 3865 278 3942 Doctrinam
313 3891 529 3962 propagare,
562 3883 597 3941 ct
629 3893 789 3942 exercere
822 3873 955 3944 iudicia
988 3869 1059 3944 Ec·
1111 3870 1193 3942 lecti
1218 3867 1271 3943 M.
1287 3867 1432 3952 Cicero,
1455 3867 1498 3942 L.
1514 3865 1665 3954 Caesar,
1698 3869 1818 3940 etalii
1845 3869 1985 3940 nobiles
2011 3865 2092 3936 viri.

73 3975 202 4048 clesiac.
835 4055 845 4066 ,
1110 3973 1194 4046 Fuit
1216 3985 1333 4045 autem
1356 3971 1451 4042 inter
1474 3969 1689 4065 proscriptos
1710 3985 1747 4042 et
1760 3969 1893 4054 Varro,
1918 3969 1982 4063 qui
2008 3991 2092 4060 pro·

163 4075 272 4146 Talia
298 4073 406 4144 luisse
426 4069 585 4164 Collegia
608 4074 713 4146 initio
730 4088 764 4145 et
779 4074 818 4144 in
836 4073 1060 4147 Germanicis
1111 4091 1190 4169 pter
1226 4074 1471 4154 nobilitatem,
1511 4086 1678 4160 aetatem,
1718 4074 1956 4144 eruditionem
2000 4071 2093 4140 inter

72 4177 295 4260 civitatibus,
321 4199 396 4246 non
418 4175 570 4246 dubium
593 4193 655 4252 est.
709 4175 836 4250 Statim
858 4179 954 4248 enim
977 4193 1059 4272 post
1111 4179 1318 4273 praecipuos
1342 4174 1530 4248 Senatores
1554 4189 1641 4248 erat.
1707 4173 1815 4246 Hunc
1835 4175 1926 4246 alius
1947 4171 2093 4268 quidam

73 4275 264 4370 Apostolos
276 4275 374 4348 Deus
398 4291 432 4348 et
456 4272 548 4348 hanc
563 4281 746 4350 nationem
763 4281 805 4350 ad
821 4277 1057 4372 Evangelium
1112 4281 1262 4356 Senator
1277 4278 1405 4351 Fusius
1419 4275 1574 4350 Calenus
1589 4275 1741 4352 Antonii
1755 4277 1905 4358 amicus,
1924 4275 1985 4370 qui
2001 4297 2094 4346 sem-

74 4383 219 4456 vocavit.
272 4375 492 4472 Argentinae
513 4383 636 4452 docuit
653 4379 856 4470 Maternus,
881 4377 980 4454 Petri
996 4408 1060 4454 au·
1112 4384 1235 4476 perio
1261 4381 1396 4454 Senatu
1426 4381 1542 4452 luerat
1571 4375 1749 4463 hortator,
1778 4393 1820 4452 ut
1853 4377 2094 4448 mediocribus

72 4485 182 4570 ditor,
226 4481 360 4554 Lucius
391 4479 595 4578 Cyrenaeus
631 4484 670 4554 in
706 4483 866 4576 Augusta
899 4483 1060 4568 Tiberia,
1112 4485 1380 4556 conditionibus
1395 4506 1460 4575 pax
1478 4483 1572 4552 inter
1587 4483 1679 4551 cives
1697 4481 1813 4566 beret,
1839 4481 1877 4552 in
1895 4483 1997 4551 aedes
2012 4501 2093 4550 suas

72 4613 158 4680 quae
173 4609 274 4658 nunc
290 4599 342 4656 est
356 4581 631 4678 Regensburglr,
656 4583 827 4658 Crescens
838 4585 1060 4678 Mogontiae,
1111 4589 1201 4658 clam
1217 4585 1368 4677 recepit,
1393 4597 1429 4656 et
1450 4585 1588 4678 aliquot
1604 4605 1739 4653 menses
1759 4583 1916 4668 abdidit,
1941 4605 2014 4651 non
2031 4583 2094 4649 de-

70 4687 237 4760 Clemens
261 4683 371 4772 Meti,
407 4683 552 4758 Marcus
577 4686 681 4760 Pauli
711 4713 828 4760 comes
852 4691 891 4760 in
917 4688 1061 4776 Passau,
1112 4690 1256 4761 territus
1270 4684 1422 4760 Antonii
1441 4685 1586 4756 victoris
1607 4685 1664 4754 vel
1686 4685 1869 4756 iracundia
1890 4683 1946 4754 vel
1967 4681 2095 4756 edicto.

70 4786 456 4886 TrophimusArelati.
506 4786 577 4860 Sed
596 4804 714 4883 postea
726 4789 899 4864 Vandalis
913 4789 1060 4866 etHun-
1111 4789 1190 4864 lloc
1204 4805 1365 4884 tempore
1378 4813 1458 4859 ccam
1480 4789 1543 4857 alii
1558 4787 1695 4880 expulsi
1719 4789 1848 4882 passim
1872 4798 2095 4868 necarentur,

68 4894 124 4962 nis
146 4892 270 4964 omnia
297 4890 536 4976 vastantibus,
562 4892 679 4964 studia
701 4893 886 4966 doctrinae
908 4895 1060 4968 extincta
1112 4917 1215 4986 saepe
1231 4891 1413 4964 Antonios
1434 4890 1473 4959 in
1488 4884 1613 4960 Caleni
1631 4891 1778 4962 domum
1794 4890 1911 4974 venit,
1938 4901 1978 4958 ut
2000 4889 2094 4980 apud

69 5011 165 5068 anm.
221 4990 270 5064 Et
295 4993 502 5088 peregrinae
527 4996 689 5068 nationes
713 4995 857 5087 ignarae
878 4997 1061 5088 religionis
1113 4997 1266 5066 amicum
1283 4993 1543 5066 convivaretur.
1601 4987 1648 5063 Et
1670 5005 1788 5064 tamen
1802 4989 1921 5062 Varro
1946 4989 1996 5060 ibi
2018 5003 2096 5062 tuto

67 5099 285 5169 deleverunt
311 5091 506 5180 Ecclesiae,
540 5123 630 5192 quae
662 5113 742 5190 post
763 5097 979 5190 Gregorium
1002 5101 1061 5168 in·
1113 5099 1257 5169 latebat.
1290 5093 1454 5166 Tandem
1470 5117 1550 5164 cum
1565 5095 1703 5166 videret
1716 5091 1889 5180 Calenus,
1915 5091 2097 5162 saevitiam

68 5215 249 5272 stauratae
265 5209 369 5284 sunt,
394 5223 475 5270 cum
491 5197 561 5268 iam
579 5201 848 5294 superstitiones
863 5201 995 5272 multae
1022 5201 1061 5270 in
1115 5197 1383 5293 proscriptionis
1414 5195 1610 5286 mitigatam
1640 5219 1733 5276 esse,
1766 5210 1802 5269 et
1825 5197 1956 5268 laetum
1983 5189 2101 5264 Anto-

67 5297 266 5376 Ecclesiam
295 5299 516 5393 irrupissent.
574 5300 791 5398 Quanquam
825 5318 942 5375 autem
975 5299 1062 5374 haec
1112 5305 1214 5374 nium
1231 5299 1518 5394 placabiliorem,
1542 5294 1753 5390 deprecatur
1775 5322 1841 5390 pro
1859 5297 2041 5380 Varrone,
2066 5307 2102 5364 et

69 5405 228 5476 recentia
252 5399 410 5494 Collegia
443 5403 634 5476 constituta
668 5403 861 5492 aCarolo,
892 5403 1063 5492 Henrico,
1113 5405 1243 5478 latetur
1259 5427 1277 5474 a
1294 5425 1330 5474 se
1348 5401 1492 5473 interim
1510 5399 1725 5472 occultatum
1741 5423 1826 5472 esse.
1874 5391 2104 5472 LaudatAn-

69 5502 257 5586 Otthone,
274 5505 410 5598 aliquid
428 5499 608 5580 habebant
622 5529 784 5582 errorum
799 5507 922 5595 initio,
944 5521 1061 5582 tamen
1085 5563 1089 5578 .
1114 5507 1237 5580 tonius
1251 5504 1375 5580 Caleni
1393 5503 1518 5584 fidem,
1545 5501 1684 5574 etiamsi
1708 5517 1833 5574 contra
1849 5501 2003 5572 edictum
2019 5521 2104 5592 pro-

107 5614 293 5681 Mensm.
312 5611 415 5678 Ores.
443 5611 591 5681 Von.·X.
1405 5601 1456 5677 47
