4638 6172
207 259 282 340 195

649 419 757 492 Aliud.

212 573 254 648 Si
270 569 458 666 quisquam
473 573 575 652 neget
594 579 666 627 esse
683 579 740 624 me
757 550 919 630 rosum,

212 677 350 758 Paucos
366 668 461 766 quod
476 663 625 746 faciam,
650 660 841 748 brevesque
862 675 995 727 versus.

214 777 250 850 Is
268 778 340 848 iam
354 795 431 843 non
447 765 572 861 populi
586 763 679 832 leves
698 783 815 828 amare
965 759 970 770 '

214 879 278 952 Me
293 879 437 970 plausus
452 871 554 953 sciar,
581 879 618 936 at
637 857 728 931 mihi
744 859 919 951 bonisque

214 981 332 1053 Musis
346 1001 402 1048 me
417 995 562 1056 canere,
588 981 624 1038 et
636 967 778 1035 studere
794 975 934 1032 tantum

215 1082 339 1156 Nostri
355 1076 529 1173 principis
545 1069 692 1142 auribus
709 1068 858 1160 plaeere.

228 1296 1213 1343 .......----———--—--

244 1487 313 1558 No.
330 1485 392 1555 10.

227 1580 400 1614 Μ

290 1701 321 1756 lo
342 1699 443 1766 farrag-
457 1691 575 1756 sessui,
599 1689 627 1744 in
647 1705 713 1760 opp.
728 1691 789 1742 aas.
806 1683 841 1737 T.
855 1685 890 1739 V.
908 1702 936 1756 p.
948 1680 1010 1738 555.
1023 1693 1050 1736 et
1062 1681 1133 1754 apud
1148 1678 1225 1734 van..

325 1776 397 1826 cent.
416 1784 443 1836 p.
459 1763 521 1818 1⁵2.

418 1889 421 1895 Ι
468 1915 527 1995 Aa
552 1923 694 2016 Regem
722 1911 968 2008 (ριισισιιιιι).

1007 1473 1072 1553 (u.
1091 1466 1206 1548 raas.)

999 1563 1212 1596 Μ

224 2083 293 2158 Δεῖ
305 2070 442 2158 πάσαις
454 2073 592 2174 βασιλῆ
609 2066 760 2164 ἀρειῆσι
777 2058 1005 2159 κικόσμινον
1019 2058 1124 2150 εἶναι,

275 2179 344 2258 τὸν
368 2175 410 2253 ds
435 2171 614 2273 μάλισθ’,
648 2168 748 2252 ὅστις
773 2163 922 2241 παίδων
942 2165 1046 2265 ἄρχει
1070 2191 1111 2238 τε
1129 2189 1223 2262 apa.

739 2272 797 2342 rei
818 2295 870 2356 τε,

226 2391 306 2470 τοῖς
319 2381 395 2486 γὰρ
411 2371 670 2477 ἐφισταμένοις
689 2369 819 2453 παῖδές
839 2397 883 2471 γε
897 2367 1071 2472 γίνονται
1087 2365 1224 2462 ὅμοιοι,

279 2481 419 2564 ἐσθλὸν
429 2479 489 2557 dei
501 2501 542 2554 os
558 2475 649 2552 i'orc'
667 2471 826 2558 ἐσθλοὺς
838 2480 989 2572 ποιῆσαι
1002 2469 1067 2546 καὶ
1081 2470 1225 2553 ἄλλους.

231 2707 1221 2743 Μ

257 2835 327 2960 ito.
343 2881 404 2957 41.

239 2980 412 3015 w

300 3101 336 3158 In
348 3097 450 3157 &cerii
468 3095 568 3165 lemg.
585 3104 612 3148 et
632 3092 660 3148 in
681 3109 746 3166 opp.
758 3091 824 3147 Mel.
846 3091 906 3146 Bas.
923 3089 958 3145 T.
976 3091 1010 3146 V.
1029 3109 1056 3160 p.
1073 3091 1135 3147 551.
1154 3097 1224 3149 ltem

1024 2899 1073 2938 ιιι.
1094 2877 1191 2941 1525.

1009 2967 1222 3006 Μ

955 229 1289 342 σιιιιιιιισιι
1331 227 1508 304 einr
1616 299 1621 321 s
1701 283 1705 298 .

1265 400 1439 530 Q

1332 619 1362 674 ln
1377 619 1476 688 tarrag.
1489 614 1593 671 Secerii
1606 623 1632 672 ct
1645 615 1674 672 in
1687 631 1753 688 opp.
1767 616 1846 671 Basil.
1864 615 1898 669 Τ.
1915 615 1945 671 V.
1965 635 1989 689 p.
2001 615 2060 674 519.
2087 621 2157 694 Apud
2168 625 2220 680 vta.

1362 697 1437 745 cent.
1456 704 1486 758 p.
1502 688 1563 741 123.

1605 853 1653 920 ln
1680 852 1911 920 Terentium.

1263 1001 1409 1076 Cornira
1424 1003 1575 1073 debetur
1591 1001 1718 1072 merito
1734 1002 1800 1072 tibi
1816 1003 1952 1094 palma,
1979 1001 2128 1090 Terenti,

1318 1105 1436 1177 Tanta
1451 1107 1558 1177 etiam
1577 1105 1694 1197 parvis
1709 1105 1819 1195 gratia
1835 1107 1942 1174 rebus
1960 1107 2060 1178 inest.

1282 1501 1349 1574 No.
1367 1499 1428 1574 45.

1273 1597 1445 1626 Μ

1340 1717 1438 1772 Editus
1457 1728 1496 1772 est
1515 1717 1560 1802 bic
1575 1715 1707 1841 prologpp
1720 1717 1747 1772 in
1761 1717 1928 1839 lsrqsginTee
1948 1717 2131 1802 igrsmmstum
2145 1719 2230 1802 Secedi,

1375 1877 1440 1912 vero
1466 1859 1540 1912 hunc
1560 1787 1905 1979 proloqum‘hoisffii'eepti
1927 1831 1955 1912 iis
1968 1787 2229 1914 ihiff'eoiiiiioniii

1377 1995 1454 2051 bunc
1472 1993 1616 2067 prologum
1637 1925 2230 2062 55155115551151591511155ι5υ155ῃιι51ι55ω55ῃ,

1376 1789 1523 1842 etiterum
1543 1805 1572 1841 tn
1592 1805 1656 1860 opp.

1377 1927 1601 1998 epigrammatum
1627 1929 1648 1980 lt

2153 239 2211 316 tes

2040 409 2098 488 (su.
2117 413 2207 498 lata)

2035 502 2214 544 Q

2057 1531 2102 1574 ιιι.
2125 1509 2202 1572 lata.

2047 1597 2225 1634 Μ

1379 2083 1443 2119 eum
1462 2066 1554 2118 abesse
1575 2064 1723 2118 noluimus.
1746 2091 1781 2108 ι·
1824 2063 1957 2118 Videlicet
1977 2066 2098 2119 solebant
2113 2081 2160 2118 sec.
2176 2061 2230 2116 llVl.

1379 2133 1537 2188 scholastici
1551 2133 1655 2188 labulss
1668 2145 1694 2188 et
1707 2134 1863 2188 comoedias
1878 2135 2008 2187 Veterum
2021 2153 2105 2205 agere,
2121 2141 2147 2184 ut
2157 2131 2229 2202 Plauti,

1377 2203 1515 2274 Terentii,
1540 2203 1713 2274 aliorumque
1732 2202 1831 2274 partim
1851 2214 1881 2256 ut
1895 2221 1954 2255 sese
1975 2212 2137 2268 exercerent,
2158 2199 2228 2270 partin

1381 2285 1412 2328 ut
1439 2272 1608 2326 oblectarent
1634 2279 1809 2342 spectatores.
1858 2272 1947 2326 Etiam
1972 2271 2129 2326 Melautbon
2148 2271 2229 2323 ἱιιιιιι

1378 2363 1442 2397 suae
1462 2341 1620 2412 disciplina
1644 2341 1757 2393 traditos
1779 2342 1832 2394 boc
1855 2341 1938 2394 modo
1960 2340 2132 2410 exercitabat,
2153 2349 2177 2391 nt
2190 2355 2228 2389 ιιι

1378 2413 1469 2468 solum
1490 2429 1521 2464 es
1538 2410 1617 2480 epist.
1630 2407 1689 2462 eius
1709 2410 1742 2463 sd
1759 2411 1897 2464 Camersr.
1913 2409 1940 2464 d.
1956 2410 1983 2464 d.
1999 2411 2040 2465 22
2055 2409 2109 2464 Ιισ.
2126 2406 2188 2460 1515.
2200 2405 2230 2458 io·

1379 2478 1521 2549 telligitur,
1541 2479 1586 2532 sed
1601 2478 1681 2534 etism
1694 2497 1708 2532 e
1721 2479 1885 2533 collectione
1898 2478 2059 2533 Carminurn
2070 2497 2084 2534 s
2097 2477 2169 2530 lonae
2179 2469 2232 2530 tiril-

1380 2549 1525 2605 tenstcinio
1539 2546 1727 2616 Witebergae
1739 2547 1807 2602 lacta
1823 2559 1851 2604 ct
1865 2549 1898 2602 ed
1913 2548 2055 2602 Seccriurn
2070 2544 2231 2619 typographum

1380 2621 1474 2683 missa,
1501 2617 1672 2688 perspicitur.
1709 2617 1872 2672 Melanthea
1890 2615 1973 2688 igitur
1991 2617 2096 2670 scholae
2109 2611 2232 2670 sueeetisn

1381 2689 1487 2759 scripsit
1506 2687 1653 2756 prologos,
1677 2703 1790 2756 spuere
1805 2686 1925 2759 quodem
1939 2686 2110 2754 recitandos,
2135 2679 2232 2754 quoslrir

1379 2757 1495 2812 iunctim
1511 2755 1645 2814 dedimus.
1663 2773 1818 2826 quanquam
1834 2774 1890 2810 non
1905 2773 2003 2816 omnes
2015 2756 2048 2810 ad
2060 2773 2101 2810 su.
2115 2749 2188 2816 1515,
2202 2745 2234 2801 ιι1
2265 2762 2269 2772 “

1380 2825 1510 2882 etiamad
1526 2841 1571 2883 sn.
1589 2825 1665 2880 1⁵26.
1680 2823 1816 2881 referendi
1829 2835 1902 2880 sunt.

1520 3001 1702 3097 Prologus
1728 3006 1770 3076 in
1794 2997 2030 3076 Eunuchum.
2132 3099 2137 3110 .

333 3167 543 3240 apudVincent.
563 3183 590 3235 p.
606 3163 664 3216 109.
681 3191 718 3204 —
741 3161 783 3215 De
797 3159 986 3216 Wallerlrodo
999 3163 1054 3217 rid.
1070 3161 1139 3218 Mel.
1153 3167 1229 3234 epist.
1280 3158 1424 3231 Salvere
1440 3156 1545 3226 iubeo
1560 3169 1771 3246 spectatores
1787 3154 1950 3245 optimos,

327 3239 368 3296 ‘sd
382 3239 522 3300 Gamerer.
537 3234 566 3292 d.
579 3232 622 3287 22.
636 3229 747 3288 lsnusr.
759 3231 836 3286 1525.

507 3408 568 3485 Aa
599 3407 957 3486 Wnllorhodum.

236 3574 277 3649 Si
294 3591 434 3640 meeum
446 3558 676 3638 Walorhode
690 3563 855 3632 rusticari

236 3675 286 3748 Et
301 3673 461 3742 secedere
478 3670 516 3737 in
535 3668 707 3760 oppidum
725 3665 979 3758 propinquum,

237 3779 551 3864 Languentemque
567 3771 725 3838 animum
745 3767 895 3838 excitare
915 3769 1001 3840 ludo

238 3876 391 3950 Paulum
407 3897 539 3966 ponere
550 3872 727 3963 seriasque
742 3893 854 3955 curas,

239 3978 288 4053 Et
302 3979 494 4048 concedere
508 3973 613 4042 ferias
628 3970 805 4062 Cepollae,

239 4081 288 4154 Et
302 4079 439 4152 tristem
456 4077 543 4145 libet
560 4073 733 4164 explicare
748 4075 915 4158 frontem,

239 4183 321 4254 Huc
337 4195 475 4252 nostras
489 4199 638 4271 propere
653 4175 773 4244 venito
790 4179 833 4244 ad
851 4177 964 4260 aedes,

240 4283 439 4376 Expectant
454 4281 601 4354 comites
615 4280 724 4347 amica
742 4279 859 4362 turba,

241 4385 415 4478 Votisque
431 4385 599 4452 omnibus
613 4380 778 4450 advolare
793 4395 826 4450 te
844 4393 959 4452 orant.

242 4489 417 4560 Accurras
434 4486 559 4573 igitur,
587 4485 763 4576 simulque
777 4498 892 4552 tecum

243 4589 401 4661 Tantum
419 4609 547 4682 quaeso
564 4585 654 4652 feras
670 4585 890 4666 facetiarum,

244 4690 430 4782 Quantum
444 4687 628 4770 Bartolus,
654 4698 760 4778 atque
774 4685 927 4770 Baldus,
953 4683 1008 4752 illi

245 4793 376 4865 lnsulsi
390 4789 528 4884 illepidi
544 4788 597 4860 tui
614 4787 773 4876 magistri

244 4894 426 4986 Nugarum
443 4891 611 4962 omnibus
625 4891 768 4959 edidere
786 4889 900 4962 libris.

246 4995 403 5068 Tantum
426 4993 628 5065 Mercurius
645 4992 736 5062 ciere
753 4993 845 5062 risus

244 5098 326 5170 Non
342 5098 451 5190 possit
464 5091 695 5187 Charitesque
709 5095 924 5166 blandiores.

245 5199 431 5292 Quantum
447 5213 487 5272 tu
502 5197 632 5290 poteris
648 5221 791 5268 movere
808 5196 912 5266 risus.

1282 3261 1354 3348 Qui
1372 3284 1494 3328 scenae
1509 3260 1691 3327 ornandae
1705 3259 1908 3327 conlluxere
1923 3260 2049 3346 gratia,

1282 3362 1420 3432 Favere
1437 3373 1556 3429 nostra
1575 3362 1690 3430 studia
1705 3373 1745 3430 ut
1760 3361 1912 3430 excitent
1927 3383 2005 3446 sun,

1282 3461 1456 3556 Artesqne
1473 3458 1637 3532 honestas
1655 3477 1688 3532 et
1704 3463 1856 3551 benigne
1872 3460 2085 3555 provehant,

1282 3559 1580 3658 Authoritateque
1599 3578 1637 3634 ut
1655 3577 1823 3635 tueantur
1840 3561 1935 3634 hunc
1951 3587 2104 3656 gregem,

1284 3668 1354 3756 Qui
1371 3668 1527 3736 sceuiros
1546 3667 1649 3735 ludos
1665 3667 1838 3736 industria
1856 3691 1918 3747 sna

1285 3771 1455 3842 lustruxit
1474 3765 1537 3837 hac
1554 3770 1592 3837 in
1607 3769 1695 3838 urbe
1712 3771 1864 3857 primus,
1890 3782 1932 3839 ut
1947 3769 2036 3838 iocis

1283 3873 1496 3964 salibusque
1509 3885 1699 3962 personent
1716 3867 1801 3941 haec
1818 3873 1953 3964 pulpita
1970 3869 2097 3953 atticis,

1284 3973 1331 4044 Et
1354 3977 1521 4044 barbaros
1540 3975 1679 4064 plorare
1697 3974 1816 4058 iussit,
1841 3974 1978 4044 tabulas

1285 4075 1422 4147 Efferre
1438 4076 1500 4167 qni
1518 4078 1683 4146 vetabant
1702 4077 1738 4144 in
1761 4077 1998 4168 proscenium,

1284 4179 1386 4268 Quae
1403 4179 1569 4248 cultiores
1587 4178 1754 4249 iuvenum
1769 4203 1887 4248 mores
1901 4179 2099 4248 redderent.

1284 4281 1536 4352 Terentianam
1554 4303 1714 4370 agemus,
1740 4275 1955 4350 Eunuchum
1972 4279 2090 4362 modo,

1285 4383 1388 4472 Quae
1408 4383 1545 4452 fabulas
1561 4381 1689 4452 latinas
1707 4384 1818 4454 vincit
1832 4398 1986 4454 caeteras

1171 4489 1177 4504 '
1287 4485 1470 4557 Sermonis
1487 4483 1658 4572 elegantia
1676 4499 1708 4554 et
1724 4485 1872 4568 facetiis,

1285 4586 1353 4655 Vel
1368 4587 1441 4678 ipse
1457 4611 1544 4680 quas
1559 4584 1703 4660 Momus
1723 4587 1873 4660 miretur
1885 4610 1925 4656 ac
1941 4585 2077 4676 probet,

1287 4689 1425 4782 Illoque
1442 4689 1571 4758 sentiat
1590 4689 1714 4758 tinetas
1729 4689 1819 4774 sale,
1846 4714 1916 4782 quo
1933 4701 2043 4758 satam

1286 4790 1461 4862 Amorum
1480 4804 1513 4860 et
1531 4789 1777 4859 illecebrarum
1793 4803 1941 4861 matrem
1961 4785 2123 4858 omniurn

1287 4891 1461 4962 Venerem
1477 4893 1606 4964 ferunt.
1658 4889 1729 4962 Sed
1744 4917 1930 4984 corrugare
1947 4890 2089 4962 tetricos

1287 4993 1471 5082 Quosdam
1487 4993 1614 5064 videtis
1628 5018 1750 5079 nares,
1773 4995 2016 5064 immodestiae

1287 5096 1336 5166 Hi
1353 5120 1415 5166 vos
1429 5113 1610 5176 accusant.
1638 5097 1677 5165 in
1693 5093 1870 5168 theatrum
1888 5097 1984 5190 quod
2001 5095 2096 5164 iocos
2119 5103 2124 5112 '

1286 5197 1452 5268 Prolerre
1467 5197 1651 5269 liberiores
1669 5199 1773 5290 paulo
1789 5199 1865 5270 ausi
1879 5221 2012 5282 sumus,

1288 5299 1479 5394 Moresque
1494 5299 1731 5374 criminantur
1747 5301 1869 5373 viciari
1884 5303 1998 5400 bonos

1288 5399 1421 5474 Parum
1437 5401 1567 5474 severis
1584 5403 1688 5475 dictis
1707 5419 1812 5498 atque
1830 5404 1978 5476 lusibus.
