<?xml version="1.0" encoding="UTF-8"?>
<!DOCTYPE html PUBLIC "-//W3C//DTD XHTML 1.0 Transitional//EN"
    "http://www.w3.org/TR/xhtml1/DTD/xhtml1-transitional.dtd">
<html xmlns="http://www.w3.org/1999/xhtml" xml:lang="en" lang="en">
 <head>
  <title>
</title>
<meta http-equiv="Content-Type" content="text/html;charset=utf-8" />
  <meta name='ocr-system' content='tesseract 3.04.00' />
  <meta name='ocr-capabilities' content='ocr_page ocr_carea ocr_par ocr_line ocrx_word'/>
</head>
<body>
  <div class='ocr_page' id='page_1' title='image "./philippimelanth10bindgoog_0015.png"; bbox 0 0 4674 6162; ppageno 0'>
   <div class='ocr_carea' id='block_1_1' title="bbox 1 2731 2150 3300">
    <p class='ocr_par' dir='ltr' id='par_1_1' title="bbox 1 2731 2150 3300">
     <span class='ocr_line' id='line_1_1' title="bbox 1 2731 2147 2860; baseline -0.006 -21"><span class='ocrx_word' id='word_1_1' title='bbox 1 2783 2 2818; x_wconf 67' lang='lat'>³</span> <span class='ocrx_word' id='word_1_2' title='bbox 105 2731 398 2840; x_wconf 76' lang='lat' dir='ltr'><strong>loochimccm</strong></span> <span class='ocrx_word' id='word_1_3' title='bbox 435 2746 755 2850; x_wconf 80' lang='lat' dir='ltr'><strong>Comccoctom</strong></span> <span class='ocrx_word' id='word_1_4' title='bbox 804 2751 849 2838; x_wconf 92' lang='lat' dir='ltr'><strong>in</strong></span> <span class='ocrx_word' id='word_1_5' title='bbox 894 2749 1058 2838; x_wconf 85' lang='lat' dir='ltr'><strong>edendo</strong></span> <span class='ocrx_word' id='word_1_6' title='bbox 1096 2749 1324 2838; x_wconf 90' lang='lat' dir='ltr'><strong>Volumine</strong></span> <span class='ocrx_word' id='word_1_7' title='bbox 1370 2747 1642 2860; x_wconf 83' lang='lat' dir='ltr'><strong>epistolarum</strong></span> <span class='ocrx_word' id='word_1_8' title='bbox 1684 2746 1768 2832; x_wconf 88' lang='lat' dir='ltr'><strong>sihi</strong></span> <span class='ocrx_word' id='word_1_9' title='bbox 1811 2743 2147 2833; x_wconf 86' lang='lat' dir='ltr'><strong>oMelanthone</strong></span> 
     </span>
     <span class='ocr_line' id='line_1_2' title="bbox 3 2965 2147 3084; baseline -0.005 -28"><span class='ocrx_word' id='word_1_10' title='bbox 3 3071 6 3081; x_wconf 13' lang='grc' dir='ltr'><em>Δ</em></span> <span class='ocrx_word' id='word_1_11' title='bbox 114 2971 422 3080; x_wconf 70' lang='lat' dir='ltr'><strong>inscriptam,</strong></span> <span class='ocrx_word' id='word_1_12' title='bbox 452 2969 651 3078; x_wconf 79' lang='lat' dir='ltr'><strong>temporis</strong></span> <span class='ocrx_word' id='word_1_13' title='bbox 677 2977 717 3054; x_wconf 90' lang='lat' dir='ltr'><strong>et</strong></span> <span class='ocrx_word' id='word_1_14' title='bbox 742 2968 954 3054; x_wconf 87' lang='lat' dir='ltr'><strong>hominum</strong></span> <span class='ocrx_word' id='word_1_15' title='bbox 975 2991 1171 3084; x_wconf 81' lang='lat' dir='ltr'><strong>magnam</strong></span> <span class='ocrx_word' id='word_1_16' title='bbox 1194 2969 1401 3056; x_wconf 85' lang='lat' dir='ltr'><strong>habuisse</strong></span> <span class='ocrx_word' id='word_1_17' title='bbox 1421 2967 1646 3078; x_wconf 87' lang='lat' dir='ltr'><strong>rationem,</strong></span> <span class='ocrx_word' id='word_1_18' title='bbox 1673 2989 1810 3076; x_wconf 89' lang='lat' dir='ltr'><strong>neque</strong></span> <span class='ocrx_word' id='word_1_19' title='bbox 1840 2965 1974 3080; x_wconf 81' lang='lat' dir='ltr'><strong>igitur</strong></span> <span class='ocrx_word' id='word_1_20' title='bbox 2003 2983 2147 3047; x_wconf 87' lang='lat' dir='ltr'><strong>omnes</strong></span> 
     </span>
     <span class='ocr_line' id='line_1_3' title="bbox 3 3088 2150 3300; baseline -0.005 -27"><span class='ocrx_word' id='word_1_21' title='bbox 3 3088 10 3227; x_wconf 41' lang='grc' dir='ltr'>ἲ</span> <span class='ocrx_word' id='word_1_22' title='bbox 116 3183 401 3274; x_wconf 80' lang='lat' dir='ltr'><strong>Melanthonis</strong></span> <span class='ocrx_word' id='word_1_23' title='bbox 431 3187 644 3296; x_wconf 67' lang='lat' dir='ltr'><strong>‘epistolas</strong></span> <span class='ocrx_word' id='word_1_24' title='bbox 683 3183 766 3268; x_wconf 81' lang='lat' dir='ltr'><strong>ribi</strong></span> <span class='ocrx_word' id='word_1_25' title='bbox 805 3185 988 3294; x_wconf 87' lang='lat' dir='ltr'><strong>scriptas</strong></span> <span class='ocrx_word' id='word_1_26' title='bbox 1029 3149 1238 3300; x_wconf 85' lang='lat' dir='ltr'><strong>edidisse,</strong></span> <span class='ocrx_word' id='word_1_27' title='bbox 1281 3185 1419 3271; x_wconf 87' lang='lat' dir='ltr'><strong>editas</strong></span> <span class='ocrx_word' id='word_1_28' title='bbox 1450 3193 1586 3270; x_wconf 89' lang='lat' dir='ltr'><strong>autem</strong></span> <span class='ocrx_word' id='word_1_29' title='bbox 1622 3192 1810 3270; x_wconf 87' lang='lat' dir='ltr'><strong>mutasse</strong></span> <span class='ocrx_word' id='word_1_30' title='bbox 1841 3189 1883 3267; x_wconf 89' lang='lat' dir='ltr'><strong>et</strong></span> <span class='ocrx_word' id='word_1_31' title='bbox 1918 3182 2150 3290; x_wconf 84' lang='lat' dir='ltr'><strong>mutilasse,</strong></span> 
     </span>
    </p>
   </div>
   <div class='ocr_carea' id='block_1_2' title="bbox 10 3346 2150 3517">
    <p class='ocr_par' dir='ltr' id='par_1_2' title="bbox 10 3346 2150 3521">
     <span class='ocr_line' id='line_1_4' title="bbox 10 3346 2150 3517; baseline -0.003 -31"><span class='ocrx_word' id='word_1_32' title='bbox 10 3346 14 3412; x_wconf 33' lang='grc' dir='ltr'>ἶ</span> <span class='ocrx_word' id='word_1_33' title='bbox 115 3403 231 3490; x_wconf 88' lang='lat' dir='ltr'><strong>lobio</strong></span> <span class='ocrx_word' id='word_1_34' title='bbox 261 3411 391 3490; x_wconf 84' lang='lat' dir='ltr'><strong>earet</strong></span> <span class='ocrx_word' id='word_1_35' title='bbox 459 3400 583 3507; x_wconf 80' lang='lat' dir='ltr'><strong>ouon</strong></span> <span class='ocrx_word' id='word_1_36' title='bbox 615 3422 698 3511; x_wconf 85' lang='lat' dir='ltr'><strong>quo</strong></span> <span class='ocrx_word' id='word_1_37' title='bbox 729 3404 870 3516; x_wconf 81' lang='lat' dir='ltr'><strong>magis</strong></span> <span class='ocrx_word' id='word_1_38' title='bbox 898 3401 1110 3517; x_wconf 79' lang='lat' dir='ltr'>dolebam,</span> <span class='ocrx_word' id='word_1_39' title='bbox 1146 3426 1196 3489; x_wconf 94' lang='lat' dir='ltr'><strong>eo</strong></span> <span class='ocrx_word' id='word_1_40' title='bbox 1224 3401 1461 3516; x_wconf 87' lang='lat' dir='ltr'><strong>studiosius</strong></span> <span class='ocrx_word' id='word_1_41' title='bbox 1492 3401 1772 3515; x_wconf 76' lang='lat' dir='ltr'><strong>inquirebam,</strong></span> <span class='ocrx_word' id='word_1_42' title='bbox 1809 3425 1865 3488; x_wconf 87' lang='lat' dir='ltr'><strong>an</strong></span> <span class='ocrx_word' id='word_1_43' title='bbox 1896 3395 2150 3512; x_wconf 79' lang='lat' dir='ltr'><strong>apographa</strong></span> 
     </span>
    </p>
   </div>
   <div class='ocr_carea' id='block_1_3' title="bbox 15 3527 2149 3983">
    <p class='ocr_par' dir='ltr' id='par_1_3' title="bbox 15 3527 2149 3983">
     <span class='ocr_line' id='line_1_5' title="bbox 15 3527 2149 3983; baseline -0.002 -283"><span class='ocrx_word' id='word_1_44' title='bbox 15 3527 29 3983; x_wconf 39' lang='lat' dir='ltr'>X</span> <span class='ocrx_word' id='word_1_45' title='bbox 115 3623 177 3706; x_wconf 86' lang='lat' dir='ltr'><strong>vel</strong></span> <span class='ocrx_word' id='word_1_46' title='bbox 206 3617 397 3706; x_wconf 86' lang='lat' dir='ltr'><strong>fortasse</strong></span> <span class='ocrx_word' id='word_1_47' title='bbox 425 3615 696 3730; x_wconf 82' lang='lat' dir='ltr'><strong>autographa</strong></span> <span class='ocrx_word' id='word_1_48' title='bbox 725 3629 1013 3730; x_wconf 81' lang='lat' dir='ltr'><strong>superessent.</strong></span> <span class='ocrx_word' id='word_1_49' title='bbox 1081 3619 1172 3708; x_wconf 84' lang='lat' dir='ltr'><strong>Sed</strong></span> <span class='ocrx_word' id='word_1_50' title='bbox 1201 3629 1371 3731; x_wconf 83' lang='lat' dir='ltr'><strong>praeter</strong></span> <span class='ocrx_word' id='word_1_51' title='bbox 1403 3645 1528 3706; x_wconf 88' lang='lat' dir='ltr'><strong>unum</strong></span> <span class='ocrx_word' id='word_1_52' title='bbox 1562 3619 1633 3704; x_wconf 91' lang='lat' dir='ltr'><strong>vel</strong></span> <span class='ocrx_word' id='word_1_53' title='bbox 1663 3619 1838 3706; x_wconf 87' lang='lat' dir='ltr'><strong>alterum</strong></span> <span class='ocrx_word' id='word_1_54' title='bbox 1866 3613 2149 3729; x_wconf 78' lang='lat' dir='ltr'><strong>apographon</strong></span> 
     </span>
    </p>
   </div>
   <div class='ocr_carea' id='block_1_4' title="bbox 117 3833 1434 3947">
    <p class='ocr_par' dir='ltr' id='par_1_4' title="bbox 117 3833 1434 3947">
     <span class='ocr_line' id='line_1_6' title="bbox 117 3833 1434 3947; baseline 0.002 -25"><span class='ocrx_word' id='word_1_55' title='bbox 117 3837 216 3922; x_wconf 94' lang='lat' dir='ltr'><strong>nihil</strong></span> <span class='ocrx_word' id='word_1_56' title='bbox 243 3845 453 3947; x_wconf 89' lang='lat' dir='ltr'><strong>repertum</strong></span> <span class='ocrx_word' id='word_1_57' title='bbox 483 3841 550 3921; x_wconf 89' lang='lat' dir='ltr'><strong>est</strong></span> <span class='ocrx_word' id='word_1_58' title='bbox 580 3833 745 3921; x_wconf 89' lang='lat' dir='ltr'><strong>illarum</strong></span> <span class='ocrx_word' id='word_1_59' title='bbox 776 3836 1047 3944; x_wconf 88' lang='lat' dir='ltr'><strong>epistolarum</strong></span> <span class='ocrx_word' id='word_1_60' title='bbox 1077 3839 1121 3924; x_wconf 90' lang='lat' dir='ltr'><strong>in</strong></span> <span class='ocrx_word' id='word_1_61' title='bbox 1150 3837 1434 3925; x_wconf 74' lang='lat' dir='ltr'><strong>bibliothecis.</strong></span> 
     </span>
    </p>
   </div>
   <div class='ocr_carea' id='block_1_5' title="bbox 16 4151 2286 5360">
    <p class='ocr_par' dir='ltr' id='par_1_5' title="bbox 254 4151 2152 4270">
     <span class='ocr_line' id='line_1_7' title="bbox 254 4151 2152 4270; baseline -0.004 -28"><span class='ocrx_word' id='word_1_62' title='bbox 254 4157 332 4270; x_wconf 80' lang='lat' dir='ltr'><strong>At,</strong></span> <span class='ocrx_word' id='word_1_63' title='bbox 374 4154 487 4266; x_wconf 86' lang='lat' dir='ltr'><strong>quod</strong></span> <span class='ocrx_word' id='word_1_64' title='bbox 521 4177 607 4241; x_wconf 91' lang='lat' dir='ltr'><strong>non</strong></span> <span class='ocrx_word' id='word_1_65' title='bbox 647 4179 939 4268; x_wconf 78' lang='lat' dir='ltr'><strong>speraveram,</strong></span> <span class='ocrx_word' id='word_1_66' title='bbox 981 4159 1135 4244; x_wconf 90' lang='lat' dir='ltr'><strong>evenit.</strong></span> <span class='ocrx_word' id='word_1_67' title='bbox 1207 4161 1294 4246; x_wconf 92' lang='lat' dir='ltr'><strong>lter</strong></span> <span class='ocrx_word' id='word_1_68' title='bbox 1331 4166 1429 4258; x_wconf 85' lang='lat' dir='ltr'><strong>aute</strong></span> <span class='ocrx_word' id='word_1_69' title='bbox 1467 4159 1689 4246; x_wconf 89' lang='lat' dir='ltr'><strong>triennium</strong></span> <span class='ocrx_word' id='word_1_70' title='bbox 1720 4157 1929 4246; x_wconf 86' lang='lat' dir='ltr'><strong>Dresdam</strong></span> <span class='ocrx_word' id='word_1_71' title='bbox 1965 4151 2152 4261; x_wconf 85' lang='lat' dir='ltr'><strong>facienti,</strong></span> 
     </span>
    </p>

    <p class='ocr_par' dir='ltr' id='par_1_6' title="bbox 114 4335 2151 4490">
     <span class='ocr_line' id='line_1_8' title="bbox 114 4335 2151 4490; baseline -0.006 -28"><span class='ocrx_word' id='word_1_72' title='bbox 114 4375 209 4462; x_wconf 88' lang='lat' dir='ltr'><strong>mihi</strong></span> <span class='ocrx_word' id='word_1_73' title='bbox 232 4335 290 4458; x_wconf 77' lang='lat' dir='ltr'><strong>ab</strong></span> <span class='ocrx_word' id='word_1_74' title='bbox 319 4373 485 4459; x_wconf 92' lang='lat' dir='ltr'><strong>homine</strong></span> <span class='ocrx_word' id='word_1_75' title='bbox 516 4371 637 4458; x_wconf 81' lang='lat' dir='ltr'><strong>tlooto</strong></span> <span class='ocrx_word' id='word_1_76' title='bbox 664 4372 840 4460; x_wconf 85' lang='lat' dir='ltr'><strong>nuntius</strong></span> <span class='ocrx_word' id='word_1_77' title='bbox 869 4375 1028 4462; x_wconf 85' lang='lat' dir='ltr'><strong>allatus</strong></span> <span class='ocrx_word' id='word_1_78' title='bbox 1055 4383 1142 4490; x_wconf 84' lang='lat' dir='ltr'><strong>est,</strong></span> <span class='ocrx_word' id='word_1_79' title='bbox 1171 4376 1465 4464; x_wconf 83' lang='lat' dir='ltr'><strong>Melanthonis</strong></span> <span class='ocrx_word' id='word_1_80' title='bbox 1495 4375 1765 4488; x_wconf 82' lang='lat' dir='ltr'><strong>autographa</strong></span> <span class='ocrx_word' id='word_1_81' title='bbox 1794 4337 2066 4486; x_wconf 72' lang='lat' dir='ltr'><strong>epistolarem</strong></span> <span class='ocrx_word' id='word_1_82' title='bbox 2094 4366 2151 4452; x_wconf 84' lang='lat' dir='ltr'><strong>ad</strong></span> 
     </span>
    </p>

    <p class='ocr_par' dir='ltr' id='par_1_7' title="bbox 16 4589 2152 4704">
     <span class='ocr_line' id='line_1_9' title="bbox 16 4589 2152 4704; baseline -0.003 -27"><span class='ocrx_word' id='word_1_83' title='bbox 16 4602 19 4677; x_wconf 83' lang='lat' dir='ltr'><strong>l</strong></span> <span class='ocrx_word' id='word_1_84' title='bbox 113 4589 396 4680; x_wconf 74' lang='lat' dir='ltr'><strong>camerarium</strong></span> <span class='ocrx_word' id='word_1_85' title='bbox 433 4613 535 4676; x_wconf 85' lang='lat' dir='ltr'><strong>esse</strong></span> <span class='ocrx_word' id='word_1_86' title='bbox 572 4589 732 4676; x_wconf 76' lang='lat' dir='ltr'><strong>Romam</strong></span> <span class='ocrx_word' id='word_1_87' title='bbox 772 4592 817 4676; x_wconf 92' lang='lat' dir='ltr'><strong>in</strong></span> <span class='ocrx_word' id='word_1_88' title='bbox 852 4591 1109 4680; x_wconf 82' lang='lat' dir='ltr'><strong>bibliotheca</strong></span> <span class='ocrx_word' id='word_1_89' title='bbox 1147 4593 1361 4704; x_wconf 87' lang='lat' dir='ltr'><strong>Principis</strong></span> <span class='ocrx_word' id='word_1_90' title='bbox 1398 4591 1551 4704; x_wconf 82' lang='lat' dir='ltr'><strong>Ghigc‘.</strong></span> <span class='ocrx_word' id='word_1_91' title='bbox 1630 4593 1752 4698; x_wconf 77' lang='lat' dir='ltr'><strong>anod</strong></span> <span class='ocrx_word' id='word_1_92' title='bbox 1789 4593 1860 4680; x_wconf 90' lang='lat' dir='ltr'><strong>ubi</strong></span> <span class='ocrx_word' id='word_1_93' title='bbox 1895 4591 2152 4696; x_wconf 85' lang='lat' dir='ltr'><strong>audiveram,</strong></span> 
     </span>
    </p>

    <p class='ocr_par' dir='ltr' id='par_1_8' title="bbox 110 4805 2152 4924">
     <span class='ocr_line' id='line_1_10' title="bbox 110 4805 2152 4924; baseline -0.003 -30"><span class='ocrx_word' id='word_1_94' title='bbox 110 4809 248 4894; x_wconf 84' lang='lat' dir='ltr'><strong>statim</strong></span> <span class='ocrx_word' id='word_1_95' title='bbox 272 4810 428 4924; x_wconf 81' lang='lat' dir='ltr'><strong>rogavi</strong></span> <span class='ocrx_word' id='word_1_96' title='bbox 452 4807 657 4893; x_wconf 89' lang='lat' dir='ltr'><strong>hominem</strong></span> <span class='ocrx_word' id='word_1_97' title='bbox 672 4808 954 4896; x_wconf 85' lang='lat' dir='ltr'><strong>doctissimum</strong></span> <span class='ocrx_word' id='word_1_98' title='bbox 980 4819 1023 4897; x_wconf 91' lang='lat' dir='ltr'><strong>et</strong></span> <span class='ocrx_word' id='word_1_99' title='bbox 1046 4811 1262 4898; x_wconf 89' lang='lat' dir='ltr'><strong>literarum</strong></span> <span class='ocrx_word' id='word_1_100' title='bbox 1282 4811 1599 4924; x_wconf 87' lang='lat' dir='ltr'><strong>peritissimum,</strong></span> <span class='ocrx_word' id='word_1_101' title='bbox 1630 4809 1684 4898; x_wconf 87' lang='lat' dir='ltr'><strong>D.</strong></span> <span class='ocrx_word' id='word_1_102' title='bbox 1701 4807 1960 4898; x_wconf 79' lang='lat' dir='ltr'><strong>Aemilium</strong></span> <span class='ocrx_word' id='word_1_103' title='bbox 1972 4805 2152 4904; x_wconf 80' lang='lat' dir='ltr'><strong>Broon,</strong></span> 
     </span>
    </p>

    <p class='ocr_par' dir='ltr' id='par_1_9' title="bbox 112 5022 2286 5360">
     <span class='ocr_line' id='line_1_11' title="bbox 112 5022 2153 5143; baseline -0.003 -31"><span class='ocrx_word' id='word_1_104' title='bbox 112 5022 371 5136; x_wconf 80' lang='lat' dir='ltr'><strong>Gothunum,</strong></span> <span class='ocrx_word' id='word_1_105' title='bbox 413 5024 486 5111; x_wconf 79' lang='lat' dir='ltr'><strong>(liu</strong></span> <span class='ocrx_word' id='word_1_106' title='bbox 522 5025 601 5110; x_wconf 89' lang='lat' dir='ltr'><strong>lam</strong></span> <span class='ocrx_word' id='word_1_107' title='bbox 630 5023 790 5116; x_wconf 88' lang='lat' dir='ltr'><strong>Romae</strong></span> <span class='ocrx_word' id='word_1_108' title='bbox 821 5027 1069 5143; x_wconf 80' lang='lat' dir='ltr'><strong>legentem,</strong></span> <span class='ocrx_word' id='word_1_109' title='bbox 1109 5035 1157 5116; x_wconf 92' lang='lat' dir='ltr'><strong>ut</strong></span> <span class='ocrx_word' id='word_1_110' title='bbox 1192 5027 1305 5116; x_wconf 89' lang='lat' dir='ltr'><strong>huno</strong></span> <span class='ocrx_word' id='word_1_111' title='bbox 1338 5029 1522 5115; x_wconf 79' lang='lat' dir='ltr'><strong>corlioem</strong></span> <span class='ocrx_word' id='word_1_112' title='bbox 1553 5027 1914 5142; x_wconf 81' lang='lat' dir='ltr'><strong>autographomm</strong></span> <span class='ocrx_word' id='word_1_113' title='bbox 1941 5023 2153 5111; x_wconf 83' lang='lat' dir='ltr'><strong>conterret</strong></span> 
     </span>
     <span class='ocr_line' id='line_1_12' title="bbox 112 5205 2286 5360; baseline -0.002 -31"><span class='ocrx_word' id='word_1_114' title='bbox 112 5265 203 5329; x_wconf 89' lang='lat' dir='ltr'><strong>rum</strong></span> <span class='ocrx_word' id='word_1_115' title='bbox 239 5239 348 5327; x_wconf 91' lang='lat' dir='ltr'><strong>libro</strong></span> <span class='ocrx_word' id='word_1_116' title='bbox 384 5240 516 5358; x_wconf 85' lang='lat' dir='ltr'><strong>edito,</strong></span> <span class='ocrx_word' id='word_1_117' title='bbox 551 5247 674 5332; x_wconf 86' lang='lat' dir='ltr'><strong>ouius</strong></span> <span class='ocrx_word' id='word_1_118' title='bbox 703 5205 918 5356; x_wconf 69' lang='lat' dir='ltr'><strong>enemplar</strong></span> <span class='ocrx_word' id='word_1_119' title='bbox 950 5246 989 5330; x_wconf 91' lang='lat' dir='ltr'><strong>ei</strong></span> <span class='ocrx_word' id='word_1_120' title='bbox 1022 5247 1129 5336; x_wconf 90' lang='lat' dir='ltr'><strong>misi.</strong></span> <span class='ocrx_word' id='word_1_121' title='bbox 1205 5247 1288 5354; x_wconf 78' lang='lat' dir='ltr'><strong>oui</strong></span> <span class='ocrx_word' id='word_1_122' title='bbox 1324 5246 1490 5360; x_wconf 86' lang='lat' dir='ltr'><strong>quidem</strong></span> <span class='ocrx_word' id='word_1_123' title='bbox 1525 5243 1724 5356; x_wconf 83' lang='lat' dir='ltr'><strong>precibus</strong></span> <span class='ocrx_word' id='word_1_124' title='bbox 1758 5245 1863 5329; x_wconf 86' lang='lat' dir='ltr'><strong>meis</strong></span> <span class='ocrx_word' id='word_1_125' title='bbox 1898 5241 2150 5330; x_wconf 84' lang='lat' dir='ltr'><strong>satisfacere</strong></span> <span class='ocrx_word' id='word_1_126' title='bbox 2283 5285 2286 5292; x_wconf 63' lang='grc'><strong><em>»</em></strong></span> 
     </span>
    </p>
   </div>
   <div class='ocr_carea' id='block_1_6' title="bbox 110 5449 2154 5579">
    <p class='ocr_par' dir='ltr' id='par_1_10' title="bbox 5 5449 2154 5604">
     <span class='ocr_line' id='line_1_13' title="bbox 110 5449 2154 5579; baseline -0.001 -34.147"><span class='ocrx_word' id='word_1_127' title='bbox 110 5459 294 5547; x_wconf 83' lang='lat' dir='ltr'><strong>libenter</strong></span> <span class='ocrx_word' id='word_1_128' title='bbox 323 5457 503 5576; x_wconf 84' lang='lat' dir='ltr'><strong>studuit,</strong></span> <span class='ocrx_word' id='word_1_129' title='bbox 534 5461 717 5550; x_wconf 85' lang='lat' dir='ltr'><strong>codicem</strong></span> <span class='ocrx_word' id='word_1_130' title='bbox 747 5465 791 5548; x_wconf 93' lang='lat' dir='ltr'><strong>in</strong></span> <span class='ocrx_word' id='word_1_131' title='bbox 818 5463 1073 5550; x_wconf 85' lang='lat' dir='ltr'><strong>bibliotheca</strong></span> <span class='ocrx_word' id='word_1_132' title='bbox 1102 5465 1323 5579; x_wconf 75' lang='lat' dir='ltr'><strong>chigiano</strong></span> <span class='ocrx_word' id='word_1_133' title='bbox 1350 5467 1530 5576; x_wconf 86' lang='lat' dir='ltr'><strong>invenit,</strong></span> <span class='ocrx_word' id='word_1_134' title='bbox 1557 5449 1658 5576; x_wconf 84' lang='lat' dir='ltr'><strong>sed,</strong></span> <span class='ocrx_word' id='word_1_135' title='bbox 1695 5459 1895 5574; x_wconf 86' lang='lat' dir='ltr'><strong>quidquid</strong></span> <span class='ocrx_word' id='word_1_136' title='bbox 1926 5461 2154 5546; x_wconf 84' lang='lat' dir='ltr'><strong>tentaverit</strong></span> 
     </span>
    </p>
   </div>
   <div class='ocr_carea' id='block_1_7' title="bbox 0 0 2359 6162">
    <p class='ocr_par' dir='ltr' id='par_1_11' title="bbox 0 0 2359 6162">
     <span class='ocr_line' id='line_1_14' title="bbox 0 0 2359 6162; baseline 0 0"><span class='ocrx_word' id='word_1_137' title='bbox 0 0 2359 6162; x_wconf 95' lang='lat' dir='ltr'><strong> </strong></span> 
     </span>
    </p>
   </div>
  </div>
 </body>
</html>
