4638 6176
56 287 124 370 tet
802 281 1127 368 cattatttttttn
1175 281 1285 361 utu.
1312 283 1369 362 11.
2028 298 2104 372 622
2214 319 2223 332 ·

9 451 10 472 ¹
55 455 111 530 Sic
125 457 232 530 nobis
245 453 424 553 templum'
434 460 541 532 nidus
556 461 773 552 gratissimus
790 485 877 552 esse,
1101 453 1172 530 Sed
1189 456 1252 552 qui
1268 481 1343 528 non
1358 448 1486 531 instuit
1502 457 1664 534 coelestia
1681 461 1831 536 numina
1848 489 1940 554 vere,
2066 549 2077 560 ¹

104 558 153 632 Et
170 577 303 634 certum
322 565 426 634 debet
440 565 638 654 perfugium
654 587 727 634 esse
743 567 823 657 piis.
1151 556 1300 632 Ridebit
1317 560 1476 632 monitus
1489 561 1621 654 impius
1637 565 1699 635 ille
1712 591 1822 638 meos.

57 663 151 736 Felix
166 659 233 735 hac
250 687 388 757 semper
403 666 606 761 quicunque
622 662 798 738 habitabit
812 669 853 738 iu
868 692 959 756 arce,
1066 712 1067 716 =
1098 655 1165 732 Est
1180 687 1261 732 vere
1277 663 1443 732 metuisse
1460 661 1577 734 Deum
1592 668 1763 760 sapientie
1777 669 1904 762 prima,

9 789 10 804 ¹
103 762 241 838 Audiat
256 781 297 838 ut
311 769 455 848 laudes,
482 781 515 838 et
529 783 632 838 canat
646 771 719 860 ipse
735 767 815 845 Dei.
855 761 856 764 ¹
1149 760 1256 834 Hunc
1272 777 1389 834 metue
1405 765 1570 839 evenient
1587 785 1712 841 cuncta
1730 773 1884 842 secunda
1901 771 1981 848 tibi.

9 935 10 940 ,
58 867 145 940 Vera
159 870 230 961 piis
244 869 357 960 patria
375 883 427 940 est
441 865 597 940 Ecclesia
615 871 688 942 sola
706 874 874 963 putanda,
1097 863 1235 936 Deinde
1251 879 1388 958 patrem
1400 867 1517 955 colito,
1541 871 1901 968 monitusqueaudito
1913 887 2093 969 paternos,

102 969 203 1060 Quae
218 971 353 1064 patriae
366 973 475 1043 debes
489 972 621 1059 officia,
647 974 712 1044 ista
727 975 828 1065 petit.
1147 963 1194 1038 Et
1209 969 1314 1040 iacias
1330 969 1453 1040 matris
1469 971 1561 1040 iussa
1578 975 1733 1044 verenda
1749 990 1841 1052 tuae.

58 1071 132 1143 Nou
149 1074 204 1142 vis
219 1074 293 1144 nlla
309 1075 447 1144 animos
463 1099 620 1167 unquam
634 1075 780 1147 divellat
794 1079 839 1147 ab
855 1079 944 1171 ipsa,
1095 1066 1257 1164 Namque
1278 1072 1413 1162 “probos
1442 1097 1573 1165 pueros
1601 1076 1697 1148 velut
1721 1092 1852 1152 ornant
1874 1093 2001 1177 torque
2025 1107 2091 1178 pa·

101 1173 435 1258 Aeteruoiunctam
448 1177 592 1246 loedere
606 1201 746 1270 semper
759 1202 850 1249 ama.
1014 1227 1027 1244 s
1178 1201 1185 1232 ν
1607 1194 1738 1265 rentes,

56 1273 153 1346 Hanc
167 1301 291 1348 omnes
306 1279 424 1348 studio
439 1278 570 1348 sociato
590 1293 790 1374 ornentque
806 1281 1011 1377 iuventque‚
1145 1271 1205 1344 Sit
1221 1274 1303 1345 illos
1317 1278 1475 1348 cumulat
1489 1301 1648 1351 summus
1662 1277 1800 1352 honore
1815 1297 1927 1376 paler.

100 1377 169 1450 Hic
185 1375 322 1465 honor,
347 1373 434 1450 haec
450 1380 580 1471 pietas,
606 1381 756 1464 credite,
780 1398 878 1474 grata
887 1382 965 1455 Deo
980 1398 1043 1468 est,
1092 1371 1276 1468 Principio
1292 1374 1360 1450 hoc
1376 1381 1481 1450 etiam
1499 1394 1549 1451 est
1564 1395 1658 1454 aetas
1674 1383 1814 1456 incauta
1830 1392 2020 1476 monenda,

55 1479 105 1552 Ac
119 1481 232 1552 veluti
248 1483 435 1572 volucrum
450 1483 555 1552 nidos
571 1482 746 1554 industria
762 1483 896 1557 munit:
936 1559 938 1562 ,
1144 1475 1375 1572 Praeceptum
1391 1485 1494 1553 trado
1512 1507 1586 1552 non
1602 1485 1697 1572 leve,
1722 1485 1816 1556 iussa
1832 1483 1913 1561 Dei.

100 1582 160 1654 Sic
174 1597 295 1656 nostra
312 1607 395 1653 cura
412 1598 461 1654 est
476 1585 541 1656 ista
557 1587 688 1656 tuenda
703 1587 843 1662 domus.
1093 1577 1207 1650 Parva
1222 1583 1271 1672 pii
1288 1607 1368 1674 pars
1377 1581 1670 1672 mathonium,
1697 1591 1940 1681 parsmaxima
1952 1607 2088 1682 contra,

54 1682 215 1756 Crudelis
229 1686 435 1780 quicunque
451 1687 564 1778 ipsam
582 1687 736 1757 lacerare
754 1688 906 1779 parabit,
1143 1681 1261 1771 Quam
1278 1709 1462 1780 nunquam
1482 1687 1594 1777 possis
1608 1713 1835 1776 enumerare,
1858 1697 1956 1774 mali.

101 1785 285 1882 lmpiaque
299 1789 467 1858 adversus
482 1789 613 1880 ceperit
626 1813 724 1860 arma
740 1787 867 1866 Deum.
1002 1827 1010 1834 -
1091 1779 1184 1855 Rem
1202 1787 1332 1880 quibus
1347 1801 1452 1882 atque
1468 1789 1573 1858 decus
1589 1793 1717 1862 scelere
1731 1807 1783 1864 est
1799 1797 1997 1886 cumulare,
2022 1826 2088 1872 vo·

53 1888 116 1962 Sed
134 1891 286 1983 patriam
302 1884 395 1960 banc
411 1891 572 1986 quisquis
587 1892 912 1964 meliordeleodere
922 1905 1042 1982 certat,
1610 1893 1740 1984 luptas‚
1991 1909 1999 1920 '

98 1988 145 2064 Et
160 2005 297 2064 vectam
314 2015 389 2060 non
403 1993 480 2062 vult
492 1993 692 2063 destituisse
706 1993 816 2064 viam:
1141 1983 1224 2058 Non
1240 1990 1321 2060 illos
1339 2005 1447 2063 terret
1465 1991 1617 2062 vindicis
1634 1997 1684 2064 ira
1703 1994 1781 2066 Dei.

52 2091 250 2166 Aerumnas
264 2093 353 2164 leret
368 2094 429 2163 ille
444 2117 582 2185 graves,
609 2109 713 2189 atque
727 2103 849 2188 aspera
867 2097 995 2170 multa:
1090 2084 1139 2160 Et
1153 2093 1361 2186 plerumque
1377 2094 1479 2162 mattis
1493 2094 1637 2166 fortuna
1654 2098 1815 2190 indulget
1829 2105 1951 2192 amica,

99 2196 167 2266 His
179 2221 255 2266 non
271 2198 477 2268 succumbet
493 2197 552 2266 sed
569 2209 685 2267 tamen
702 2197 776 2288 ipse
789 2189 905 2273 malis.
1143 2191 1222 2262 Non
1238 2195 1331 2266 lavet
1346 2195 1406 2263 illa
1424 2197 1506 2282 diu,
1531 2199 1591 2266 sed
1608 2199 1701 2270 lavet
1713 2201 1774 2271 illa
1792 2217 1921 2279 tamen.

49 2297 102 2370 Ac
118 2300 214 2370 rivos
229 2299 298 2368 late
312 2300 463 2370 deducet
478 2300 576 2370 fonte
589 2301 750 2392 perenni,
1089 2290 1167 2383 Ego
1184 2320 1229 2394 ne
1245 2320 1393 2365 numero
1410 2297 1549 2368 iuvenis
1564 2323 1729 2372 moveare
1745 2319 1876 2391 caveto,

99 2399 270 2492 Extingni
288 2425 471 2494 nunquam
487 2403 649 2492 dogmata
668 2425 748 2472 vcra
766 2416 912 2497 queunt.
1143 2394 1192 2468 Ut
1206 2423 1295 2492 quae
1309 2399 1412 2468 turba
1430 2401 1554 2492 probet
1568 2397 1605 2498 ¹)
1622 2417 1660 2472 tn
1675 2405 1835 2476 facienda
1849 2422 1961 2500 putes.

50 2499 218 2573 Doctores
233 2500 331 2574 Deus
347 2504 421 2594 ipse
436 2526 560 2592 regens
575 2505 785 2574 coelestibus
801 2517 904 2595 auget
1088 2495 1170 2568 Non
1188 2495 1295 2570 babet
1309 2501 1471 2591 impietas
1486 2525 1663 2574 successus
1680 2509 1810 2578 credite
1825 2509 1964 2602 longos,

97 2606 270 2686 Dotibns‚
297 2619 331 2674 et
345 2605 500 2675 studium
516 2601 697 2696 provehit,
724 2620 828 2700 atque
845 2608 953 2678 iuvat.
1017 2641 1020 2651 ·
1143 2599 1307 2692 luslequs
1321 2625 1386 2692 pro
1400 2603 1501 2674 factis
1519 2627 1631 2695 poena
1645 2608 1766 2678 venire
1782 2612 1882 2686 solet.

54 2705 238 2800 Multaque
255 2707 370 2777 deleto
386 2708 537 2776 victores
553 2703 652 2776 hoste
669 2703 850 2802 trophaea.
1088 2699 1157 2771 Hei
1173 2697 1261 2772 milti
1278 2727 1341 2772 cur
1356 2717 1480 2794 parent
1494 2717 1565 2774 tam
1583 2709 1685 2798 pauci
1700 2735 1781 2780 vera
1799 2715 1972 2802 monenti,

96 2809 238 2880 Poncnt
254 2821 294 2878 ut
309 2809 368 2879 liat
384 2808 496 2898 gloria
511 2821 595 2879 nota
611 2807 690 2880 Dei.
1139 2803 1211 2874 Nec
1228 2818 1379 2895 tangant
1394 2807 1553 2878 monitus
1568 2809 1680 2880 ferrea
1696 2815 1802 2883 corda
1819 2817 1915 2886 mei?

57 2907 185 2982 Exaudi
201 2911 351 3000 gemitus
366 2924 521 2997 nostros,
548 2925 647 3003 pater
661 2911 794 3003 optime
811 2931 944 2996 rerum,
1090 2902 1222 2976 Verum
1240 2902 1324 2977 baec
1340 2908 1508 2982 destituet
1523 2935 1602 2981 cum
1619 2937 1682 2982 vos
1698 2915 1841 2988 fortuna
1857 2919 2022 3006 vicissim,

98 3013 258 3106 Aspicies
275 3013 398 3105 templi
415 3037 544 3107 quaeso
563 3015 692 3104 pericla
708 3013 772 3084 tui.
1138 3007 1219 3078 Non
1236 3023 1353 3100 tanget
1368 3031 1546 3082 summum
1562 3027 1676 3084 vestra
1692 3019 1835 3110 querela
1851 3033 1996 3110 patrem.

56 3113 224 3188 Conserva
239 3115 339 3204 regni
353 3117 576 3210 formamque
590 3129 790 3210 statumque
804 3115 984 3196 decorum,
1087 3107 1140 3180 Ne
1156 3113 1316 3182 dubitate
1333 3113 1431 3184 venit
1449 3137 1513 3205 pro
1529 3117 1630 3185 factis
1648 3142 1760 3207 poena
1776 3119 1917 3208 luenda,

97 3217 250 3288 Praefice
266 3218 459 3288 concordes
474 3217 566 3308 ipse,
592 3217 739 3311 piosque
755 3219 871 3303 duces,
1139 3211 1234 3283 lusta
1250 3212 1319 3282 Dei
1336 3239 1444 3284 vanas
1460 3241 1533 3284 non
1551 3213 1659 3288 babet
1675 3221 1727 3290 ira
1743 3223 1866 3296 minas.

55 3316 118 3390 Has
136 3343 200 3410 ego
216 3317 356 3389 delitias
370 3320 579 3390 ardentibus
595 3334 718 3411 expeto
735 3319 840 3404 votis,
1085 3313 1155 3387 Sed
1174 3316 1256 3410 quia
1271 3315 1451 3410 paulisper
1465 3317 1607 3388 fortuna
1626 3325 1779 3394 secunda
1796 3326 1972 3398 malorum
1988 3341 2051 3415 est,

96 3419 137 3492 lu
153 3421 288 3514 templo
303 3443 442 3512 semper
456 3422 582 3510 degere
598 3445 699 3514 posse
716 3417 795 3496 Dei.
1136 3415 1184 3488 Et
1200 3417 1292 3488 tristi
1307 3418 1411 3492 vultu
1426 3419 1569 3510 respicit
1585 3421 1647 3492 illa
1663 3425 1753 3517 pios,

53 3517 94 3595 Et
106 3523 269 3617 quamvis
284 3521 335 3592 ibi
351 3537 456 3594 eruut
468 3519 559 3592 mihi
574 3523 685 3594 multa
701 3523 864 3592 adeunda
877 3521 1024 3615 pericla,
1084 3515 1234 3590 Falleris
1251 3533 1284 3590 et
1301 3541 1420 3606 regere
1436 3517 1522 3592 haec
1538 3523 1679 3595 nullum
1696 3527 1859 3599 mortalia
1876 3556 2010 3604 numen

93 3623 257 3720 Namque
273 3625 367 3694 odiis
380 3639 483 3715 urget
499 3630 655 3696 mundus
670 3625 804 3719 ubique
819 3626 914 3718 pios:
1134 3621 1278 3707 Credis,
1304 3635 1338 3692 et
1353 3623 1500 3714 impune
1516 3641 1641 3697 crrncta
1656 3627 1763 3699 licere
1777 3630 1855 3707 tibi.
2133 3715 2136 3722 Ι

53 3721 213 3798 Attamen
227 3726 418 3798 anteferam
434 3727 569 3818 regnis,
595 3729 795 3821 opibusque
812 3727 1001 3813 malorum,
1083 3721 1150 3793 His
1166 3725 1309 3794 fortuna
1325 3719 1365 3820 ')
1382 3721 1475 3794 nihil
1489 3751 1567 3796 mea
1582 3730 1643 3824 qui
1659 3746 1842 3826 praecepta
1858 3751 2063 3830 sequautur,

95 3827 213 3900 Huius
227 3827 376 3899 militiae
389 3829 489 3919 signa
505 3831 680 3923 decusque
693 3831 785 3922 piae.
1136 3823 1201 3896 Vel
1217 3850 1298 3896 cum
1314 3841 1463 3900 conatur
1477 3829 1635 3918 laedere,
1657 3855 1760 3905 saeva
1776 3851 1890 3912 nocet.

50 3925 203 4026 Namque
218 3953 280 3999 sua
297 3931 418 4002 dextra
434 3929 530 4000 Deus
547 3931 648 4001 istam
667 3932 820 4023 protegit
835 3953 963 4017 arcem,
1496 3987 1596 4074 &pm
1618 3989 1652 4058 Π

94 4029 143 4104 Et
158 4031 253 4102 cives
267 4055 451 4127 nunquam
465 4033 595 4102 deserit
610 4033 671 4102 ille
687 4057 781 4108 suos.
1112 4105 1121 4122 ,
1202 4103 1212 4122 ‚
1300 4104 1340 4124 ‚‚
1439 4107 1449 4125 ,

49 4127 159 4216 Felix,
184 4133 247 4228 qni
263 4135 340 4204 voci
357 4133 499 4205 coelesti
516 4135 736 4226 obtemperat
753 4134 830 4218 uni,
1082 4102 1123 4176 3¹
1139 4103 1213 4174 5⁰¹¹
1229 4119 1358 4198 ει111111*
1374 4123 1549 4200 *31)1111118
1566 4127 1707 4204 P0⁶l⁰l0
1725 4127 1811 4198 ¹⁰¹⁰,
2072 4135 2094 4205 t

89 4235 164 4308 Nec
180 4235 315 4328 patitur
328 4235 444 4327 frangi
458 4249 599 4328 pectora
613 4238 714 4308 firma
729 4237 850 4311 minis.
1135 4205 1341 4326 V⁰⁸l³1¹⁶fla
1365 4223 1406 4280 ¹¹²
1421 4211 1564 4298 ‘¹⁰⁰2212
1590 4237 1692 4306 88(ΞΡΕ
1703 4231 1827 4334 ξῦεξῑθ
1843 4211 1971 4284 Deum·

392 4325 396 4330 '
1083 4307 1149 4382 llla
1166 4321 1297 4378 etenim
1314 4311 1457 4380 demum
1475 4337 1556 4383 vera
1574 4329 1624 4384 est
1639 4331 1830 4408 sapientia,
1856 4318 1886 4388 si
1902 4341 1971 4412 qna
1987 4333 2040 4391 est

1133 4409 1187 4482 De
1200 4410 1298 4480 coelo
1313 4413 1443 4482 summi
1460 4416 1598 4504 prodita
1615 4417 1660 4486 ab
1675 4441 1737 4486 ore
1753 4419 1872 4508 patris.

1082 4509 1142 4584 Sic
1158 4511 1300 4584 bonitas
1319 4513 1490 4584 immensa
1505 4513 1591 4602 Dei,
1616 4517 1666 4587 sic
1683 4519 1735 4588 ira
1755 4519 1868 4590 videri

42 4619 106 4700 No,
120 4623 183 4696 88.
858 4651 907 4693 ιη,
927 4629 1024 4700 1527.
1133 4609 1310 4686 Ostendet
1325 4615 1427 4685 vobis
1442 4641 1522 4686 cum
1541 4615 1637 4690 Deus
1651 4619 1743 4712 ipse,
1768 4635 1893 4713 potest.

46 4719 178 4754 Μ
852 4719 1025 4750 '‘⁴''
1083 4715 1149 4788 llle
1164 4717 1376 4808 gubernabit
1390 4733 1512 4790 sancto
1529 4733 1587 4790 tua
1603 4725 1709 4791 corda
1727 4747 1869 4816 pavore,

105 4837 138 4892 tn
151 4855 216 4913 opp.
227 4835 301 4900 Bm
319 4837 353 4900 Τ.
360 4837 395 4898 v.
408 4837 506 4914 pets.
522 4849 548 4896 et
558 4839 632 4914 aput
649 4837 732 4896 vtae.
749 4855 777 4914 p.
790 4837 850 4896 tot.
1129 4817 1377 4912 Caelestesqne
1393 4821 1493 4890 dabit
1508 4845 1609 4911 posse
1628 4825 1753 4894 timere
1769 4826 1896 4897 minas.

1079 4915 1204 5010 Erigat
1221 4915 1284 4990 ille
1299 4919 1403 4989 etiam
1421 4945 1461 4990 ac
1475 4923 1581 4994 faciat
1596 4947 1736 5018 sperare
1751 4932 1945 5014 timentem,

98 4999 322 5072 Sffllfflll'sse
352 5001 561 5074 summata
594 5019 645 5074 0³³
671 5003 796 5092 prim
830 5005 967 5094 ⁰⁰Pll0·
1132 5021 1192 5093 Tu
1208 5023 1314 5092 modo
1333 5043 1378 5088 ne
1393 5023 1533 5094 dubites
1548 5049 1689 5117 poscere
1702 5051 1840 5120 semper
1855 5053 1968 5119 opem.

35 5141 152 5220 Pauca
166 5169 232 5239 ²8⁰
248 5171 328 5220 ,um
345 5149 448 5220 vobi,
463 5173 604 5220 morum
620 5163 804 5242 praecepta
819 5151 980 5238 gamm,
1079 5122 1295 5243 Hocsapere
1309 5137 1377 5242 est3
1401 5147 1440 5193 ac
1457 5149 1560 5244 nosse
1580 5127 1713 5213 Deum,
1737 5130 1767 5198 si
1787 5129 1854 5202 rite
1870 5131 2014 5204 timebis

87 5249 244 5344 Spiritus
257 5275 276 5320 e
290 5252 388 5322 coelo
402 5251 561 5344 prodidit
573 5251 636 5322 illa
652 5251 728 5324 Dei.
1131 5225 1259 5296 fldem
1274 5235 1309 5295 ‘l
1325 5224 1421 5294 ¹ll¹⁰⁵
1437 5249 1467 5295 ⁸¹
1485 5226 1644 5301 b0nll²ls
1661 5231 1763 5342 scies

32 5345 84 5423 Et
96 5379 165 5448 qua
183 5353 230 5424 sit
244 5349 340 5424 Deus
356 5377 528 5446 exponam
546 5354 676 5448 pietate
692 5353 877 5442 colendus,
1080 5351 1348 5470 mm

81 5449 129 5528 Et
144 5456 277 5552 probet
289 5479 369 5549 erga
382 5451 544 5529 homiues
559 5455 678 5552 qualia
694 5457 785 5528 lacta
801 5455 911 5534 Deus.
1111 5487 1140 5561 s)
1159 5487 1238 5546 aaa.
1265 5488 1493 5560 anteferam.
