4638 6176
56 285 146 366 aiiii

102 459 164 534 No.
185 459 251 532 st.
799 470 881 572 (ε...
894 505 943 550 a.
956 475 1068 575 saar.)

83 559 277 596 m
819 574 1044 616 'W

139 661 215 734 0pp·
236 659 318 718 Basil.
336 659 370 724 T,
387 661 421 719 V.
437 683 467 736 p.
478 664 531 721 858
544 685 584 738 sq.
625 668 754 733 vincent.
774 690 802 745 p.
816 673 870 727 717
882 693 922 750 sq.
947 705 983 720 -
1024 677 1067 734 De

297 739 301 748 “
323 731 366 788 iro
385 731 416 789 ic
432 737 566 797 mauvia
576 735 811 799 Scholasticorsm
832 743 890 803 rid·
903 763 973 819 quse
983 765 1066 822 supra

243 959 301 1034 dd
310 964 449 1060 degens
459 969 648 1058 politicum
665 970 706 1042 in
721 975 896 1046 conuiuio.

121 1107 295 1184 Vendunt
313 1115 471 1186 carmina
488 1120 615 1192 caeteri
632 1119 751 1210 Poita,

115 1208 165 1284 Et
178 1216 343 1286 mercede
359 1240 463 1288 suum
476 1219 596 1293 locant
609 1224 778 1311 laborem,

115 1310 163 1386 Et
178 1331 338 1408 prostare
355 1313 383 1412 ¹)
399 1342 479 1391 suas
496 1323 620 1394 iubent
636 1323 831 1400 Camoeuas

115 1415 187 1488 Pro
201 1419 326 1511 paucis
340 1421 517 1515 obolisve‚
543 1429 793 1503 nummulisve.

113 1517 190 1590 Nos
203 1521 313 1609 gratis
327 1523 505 1596 celebrare
522 1541 554 1598 te
569 1529 735 1602 solemus.

113 1617 286 1692 Nostrum
304 1647 386 1714 ergo
402 1626 558 1698 officium
577 1631 642 1699 tibi
662 1634 806 1722 probari

114 1719 282 1818 Aequum
297 1741 367 1810 est,
393 1727 555 1823 quisquis
578 1733 673 1801 enim
699 1731 792 1806 nihil
807 1740 959 1833 reposcit

116 1821 209 1896 Vera
224 1823 397 1898 Encomia
415 1829 531 1902 dicere
548 1847 599 1905 est
614 1841 803 1926 putandus.

400 2000 499 2068 Aliud
524 2008 562 2070 ed
586 2011 726 2074 eundem.

167 2127 203 2204 0
221 2131 386 2226 princepe
402 2129 569 2207 hederam
586 2137 653 2210 tihi
670 2165 853 2238 sequacem

167 2233 241 2306 Nos
255 2237 517 2323 contexuimus,
541 2239 711 2336 piumque
728 2269 858 2318 munus

168 2335 409 2408 Frondentem
422 2340 525 2432 pueri
542 2344 667 2414 damus
680 2369 859 2424 coronam.

168 2437 326 2512 Tantum
344 2441 493 2511 barbara
512 2443 612 2516 nulla
628 2459 662 2518 te
678 2443 823 2544 Thyara

168 2539 325 2612 Tantum
341 2538 468 2614 Causia
485 2545 584 2616 nulla
599 2561 632 2617 te
645 2550 782 2622 decebit
796 2547 827 2646 ²)

167 2641 352 2732 Quantum
374 2657 407 2714 te
425 2646 557 2716 virides
573 2649 699 2721 decent
714 2649 895 2748 Cor-yrnhi.

167 2741 298 2816 Vatum
315 2747 482 2818 convenit
499 2741 585 2818 haec
600 2775 731 2822 corona
746 2751 850 2846 Regi,

166 2844 292 2916 Musae
313 2870 467 2942 namque
483 2844 612 2920 hedera
631 2853 745 2926 solent
762 2857 903 2947 piorum

167 2947 297 3020 Vatum
314 2948 453 3039 cingere
468 2963 625 3044 tempora
642 2957 828 3032 albicante.

168 3047 282 3120 Grato
299 3065 438 3141 pectore
452 3077 558 3144 parva
574 3058 667 3126 dona
684 3082 793 3144 sunia,

166 3151 268 3240 Quae
283 3176 349 3222 nos
364 3153 520 3224 officiosa
533 3159 636 3226 turba
655 3173 823 3253 tanquam

164 3251 266 3324 Divis
283 3255 402 3326 debita
418 3252 522 3328 thura
537 3259 751 3331 dedicamus.

312 3427 447 3495 l'recetio
468 3455 524 3516 pro
545 3431 652 3518 Regno
674 3445 805 3521 poitico.

65 3552 157 3626 Vera
180 3557 285 3643 fides,
312 3555 428 3646 Deus,
453 3575 505 3633 est
518 3559 658 3653 Regum
672 3579 708 3637 te
723 3584 858 3661 sceptra
875 3577 977 3662 tucri,
1105 3552 1108 3560 Ι

114 3655 160 3730 Et
176 3662 355 3754 quoddam
373 3685 506 3733 numen
520 3661 679 3756 Regibus
695 3693 768 3741 esse
784 3677 918 3747 datum.

64 3755 155 3851 Ergo
172 3785 297 3854 precor
311 3765 427 3834 sareas
442 3766 559 3854 regnis
575 3771 772 3860 puerilibus
786 3773 876 3861 istis,

112 3861 273 3957 Namque
294 3865 399 3936 etiam
419 3869 520 3960 pueri
543 3887 626 3943 suut
647 3885 707 3943 tua
726 3899 809 3946 cura
834 3877 947 3950 Pater.

75 4071 184 4086 u

73 4203 138 4277 No.
156 4205 218 4278 92.

60 4302 229 4332 Μ

782 4221 861 4302 (aa
876 4247 924 4291 aa.
943 4231 1052 4316 asar.)

781 4323 1050 4360 w

125 4423 209 4496 Apud
223 4419 351 4478 vincent.
372 4437 398 4492 p.
411 4419 468 4478 179.
495 4449 523 4464 -
558 4423 602 4478 De
619 4423 676 4481 ritu
700 4428 889 4504 Depositiouis
911 4438 966 4496 rid.
986 4459 1049 4515 epp.

162 4492 232 4548 blsl.
249 4491 356 4547 vell.
371 4509 399 4563 p.
411 4490 454 4547 97.

60 4653 291 4726 Prooemium
320 4649 553 4743 Depositoria
584 4653 885 4756 Witeberpensis,
918 4677 962 4740 uc
986 4693 1051 4745 vo.

59 4763 169 4844 cont,
203 4761 245 4830 in
272 4757 352 4828 ritas
380 4757 611 4830 initiationis
636 4782 811 4838 novumn
842 4767 1050 4848 Sciamus·-

492 4878 628 4932 comm.

110 5011 251 5085 Salvete
265 5019 477 5099 spectatores
490 5001 751 5098 humanissimi,

108 5113 252 5204 Quibus
267 5123 318 5182 est
332 5112 460 5182 vetusti
477 5135 579 5184 rausa
596 5115 685 5187 ritus
701 5122 852 5212 cognita,

62 5277 280 5298 -fl-

94 5393 118 5458 1)
136 5389 281 5456 meurs]
300 5383 362 5438 Bas.
377 5390 537 5450 praestare.

93 5475 120 5542 7)
139 5475 201 5530 Bas.
219 5470 345 5524 &udri-

64 5553 241 5620 llssssra.
267 5547 373 5616 Oeen.
399 5541 483 5616 Vos.
512 5550 558 5620 X,

799 297 1135 380 CARMINUM
1181 303 1290 386 LlB.
1325 305 1379 385 11.
2035 321 2113 410 780

1169 473 1219 550 Et
1235 503 1324 575 quos
1339 475 1486 556 lsouesta
1501 485 1594 559 ratio
1607 491 1721 565 morit
1741 495 1850 570 cincti

1169 581 1218 656 Ut
1235 579 1304 654 buc
1319 587 1546 676 accederetis,
1570 613 1644 663 uon
1662 593 1813 690 ineptias

1169 682 1217 756 Ut
1234 679 1336 756 hasce
1353 703 1491 760 nostras
1504 697 1704 768 cerneretis.

1167 784 1242 856 Vos
1257 787 1439 858 iuniorum
1456 793 1572 864 studia
1589 797 1689 870 decet
1706 823 1926 894 cognoscere,

1167 887 1332 978 Quorum
1347 893 1543 984 exploratio
1562 897 1663 969 sitin
1680 895 1734 974 his
1746 915 1970 996 spectaculis:

1166 988 1379 1086 Moremque
1396 995 1502 1064 luisse
1517 993 1669 1072 Athenis
1684 1005 1836 1080 similem
1851 1013 2001 1106 legimus

1165 1089 1239 1180 Qui
1257 1095 1466 1166 nominatur
1482 1095 1618 1172 Graeca
1640 1130 1725 1176 voce
1741 1107 1956 1208 ἐρεσχελεία,

1165 1191 1355 1290 Novosque
1371 1199 1482 1268 multa
1498 1207 1650 1276 monetis
1668 1201 1725 1278 hic
1739 1209 1987 1312 scholasticos,

1163 1291 1213 1368 Et
1229 1311 1308 1367 vota
1327 1323 1391 1389 pro
1406 1299 1622 1376 discentibus
1639 1309 1753 1382 facitis
1768 1317 1838 1406 pia.
1859 1307 1862 1316 ¹

1165 1396 1272 1486 Quod
1287 1425 1369 1490 ergo
1386 1404 1512 1473 adestis
1531 1401 1607 1494 hic,
1630 1413 1780 1486 debetur
1794 1423 1905 1510 gratia

1162 1501 1292 1582 Vobis,
1319 1517 1353 1573 et
1370 1517 1409 1574 ut
1424 1507 1598 1596 patienter
1618 1505 1682 1582 hos
1698 1515 1821 1590 breves
1835 1525 1930 1598 iocos

1163 1599 1268 1672 Nunc
1284 1605 1457 1694 audiatis,
1485 1625 1581 1700 peto,
1607 1638 1681 1685 non
1700 1613 1817 1693 Momi
1835 1649 2037 1725 scommata,

1161 1700 1244 1774 Non
1258 1707 1379 1776 adiero
1394 1710 1552 1782 convicia
1570 1709 1638 1786 huc
1652 1721 1825 1799 scurrilia.

1110 1925 2104 1984 Ἢ
2172 1961 2177 1972 ,

1179 2311 1262 2384 Apud
1277 2312 1404 2372 Vincerat.
1423 2336 1450 2390 p.
1464 2319 1523 2376 717.

1109 2471 1220 2542 locus
1253 2475 1419 2550 Nasonis
1449 2484 1491 2551 in
1520 2487 1773 2655 ipportunssns
1794 2497 1939 2582 ianuae
1965 2510 2100 2600 pulsa.

1549 2609 1662 2662 orem.

1159 2723 1266 2798 Forte
1284 2731 1381 2800 domi
1399 2734 1495 2805 solus
1510 2744 1690 2832 quondam
1708 2748 1792 2818 dum
1812 2749 1906 2827 Naso
1922 2765 2055 2842 sederet

1210 2826 1372 2902 lntentus
1387 2837 1534 2924 studiis,
1561 2845 1849 2946 carminibusque
1862 2861 1946 2938 suis.

1158 2927 1326 3022 Pelignus
1339 2937 1455 3024 gelido
1473 2941 1619 3014 veniens
1633 2973 1653 3016 a
1669 2973 1752 3022 rure
1768 2957 1927 3050 colonus,

1210 3031 1333 3105 Ardua
1352 3039 1466 3109 divini
1481 3043 1605 3116 limina
1624 3051 1713 3120 vatis
1729 3057 1813 3128 adil.
2057 3141 2062 3151 ⁸

1160 3131 1276 3228 thue
1293 3153 1367 3210 erat
1383 3145 1541 3232 agrestis,
1567 3153 1714 3242 strepitu
1727 3157 1808 3230 serit
1824 3165 1912 3236 ostia
1931 3193 2070 3266 magno,

1208 3236 1257 3308 Et
1271 3241 1376 3310 tacito
1396 3269 1589 3336 properans
1603 3252 1761 3346 increpat
1776 3287 1838 3331 ore
1853 3291 1981 3346 moras.

1157 3335 1284 3410 Nescio
1299 3343 1385 3436 quid
1402 3347 1506 3418 talem
1524 3365 1638 3422 vatem
1657 3359 1720 3439 sit,
1747 3375 1782 3433 et
1801 3364 1895 3436 inter
1909 3376 2069 3468 asellum,

1208 3437 1409 3536 Respondit
1425 3449 1582 3522 breviter
1600 3453 1694 3528 Naso
1711 3459 1837 3552 Pois'ta,
1861 3471 1965 3552 iores.

1108 3665 2093 3746 --·‘-··---—-—,—--

1103 3823 1250 3951 Μ
1928 3873 2091 3951 mure.

1938 3967 2090 3994 “n

962 4093 1043 4104 ,-
1171 4031 1246 4108 01‘P·
1258 4032 1326 4091 ffli-
1341 4034 1422 4095 B⁸⁸3¹·
1433 4035 1515 4100 Tm·
1530 4043 1562 4098 V·
1578 4063 1605 4118 p·
1618 4045 1679 4109 757.
1716 4051 1844 4118 Vincerat.
1861 4083 1888 4136 p.
1901 4065 1953 4124 717
1964 4090 2006 4144 sq.

1291 4201 1340 4270 ln
1355 4201 1537 4278 Cicereius
1551 4201 1599 4278 de
1613 4219 1759 4286 oratore
1779 4216 1898 4294 libros.

1152 4339 1303 4419 Dicendi
1316 4347 1463 4423 Crassus
1476 4355 1616 4428 divinas
1631 4361 1779 4451 explicat
1794 4376 1911 4467 arteis,

1201 4447 1293 4520 Cum
1308 4454 1500 4526 rusticatur
1515 4453 1701 4535 Thusculi.

1153 4546 1288 4622 l'icerit
1302 4553 1366 4622 iste
1380 4545 1499 4625 senem
1517 4559 1688 4634 iucundae
1698 4563 1848 4646 Nestora
1862 4579 2015 4676 linguae,

1202 4652 1386 4726 Sermonis
1400 4657 1584 4747 elegantia.

1152 4752 1268 4844 Quem
1284 4757 1314 4826 si
1327 4757 1418 4830 sorte
1433 4759 1520 4832 libet
1537 4765 1683 4856 propius
1697 4793 1906 4866 cognoscere
1920 4791 2050 4883 adeste,

1201 4857 1275 4928 Nos
1290 4884 1529 4954 proponemus
1544 4871 1704 4948 candide.

1106 5067 2077 5124 Ἣ

1098 5215 1269 5341 Μ
1814 5243 2088 5348 (tensauro.)

1820 5341 2087 5385 m

1168 5427 1242 5503 Opp.
1265 5431 1347 5490 llssil.
1367 5433 1400 5520 T.
1416 5435 1453 5495 V.
1472 5439 1572 5512 psas.
1614 5443 1684 5498 ltesn
1711 5447 1739 5500 ir
1758 5447 1873 5524 Scriptis
1892 5457 1967 5528 publ.
1986 5461 2019 5522 Τ.
2037 5465 2083 5528 117.

1200 5517 1230 5572 p.
1242 5501 1304 5559 781.
1343 5503 1470 5564 trucem.
1483 5511 1609 5585 paraq.

1380 5578 1431 5652 84

2225 5166 2233 5206 1
