4666 6170
216 260 292 334 807
532 327 536 334 ,
574 251 833 330 SCRIPTA
866 249 942 328 Al)
977 248 1176 326 VlTAM
1208 245 1286 324 ΕΤ
1321 245 1563 325 OBlTUM
1596 246 1903 329 MELANTH.
2171 263 2233 335 888

216 453 419 515 cernerem,
443 428 559 524 iisque
578 453 637 498 me
658 449 761 521 saepe
784 426 944 515 oblecto;
969 449 1011 498 ac
1031 447 1134 520 spero
1157 447 1216 494 me
1267 445 1375 518 qnam
1395 424 1484 498 adeo
1509 423 1579 496 luit
1598 423 1718 509 feror,
1743 429 1832 500 adeo
1856 431 2050 517 barbarus,
2072 432 2185 502 nullus
2200 436 2240 506 ita

218 558 283 606 suo
305 547 482 626 tempore,
508 533 591 603 illos
615 531 654 600 in
679 533 780 602 beata
804 529 865 602 illa
882 531 956 602 vita
974 531 1094 600 denno
1115 527 1218 598 visu·
1267 539 1477 614 commotus,
1502 527 1653 622 quinon
1668 529 1745 602 viso
1760 532 1817 601 vel
1832 533 1937 604 etiam
1951 529 2239 628 auditoPhilippo,

217 661 321 724 ιιιιιι,
345 636 636 732 colloquntumm
652 657 693 704 ac
707 647 1014 704 conversaturum.
1268 631 1388 702 statim
1412 652 1451 700 se
1471 631 1690 723 reprimeret.
1741 631 1844 723 Quin
1871 635 1977 708 etiam
2002 637 2174 708 interdum
2192 651 2241 708 tu·

1162 761 1170 774 =
1269 733 1403 804 multus
1427 733 1591 820 maximi,
1625 733 1830 809 interventu
1852 740 2086 832 praeceptoris
2113 740 2241 811 inermis

322 839 394 914 Sed
409 864 481 936 quo
494 863 553 908 me
570 837 704 929 abripit
717 837 889 910 affectus?
912 835 1118 910 Redeamus
1134 857 1217 926 ergo
1268 835 1431 928 dissipati
1445 847 1547 922 sunt,
1572 858 1748 932 nusquam
1763 843 1949 913 autoribus
1964 844 2239 935 comparentibus.

220 944 505 1034 adinstitutum.
555 937 641 1011 Dixi
663 943 710 1012 de
730 942 875 1028 studiis,
906 954 941 1012 et
964 941 1149 1012 laboribus
1170 935 1217 1014 D.

220 1043 393 1140 Philippi,
420 1069 510 1140 qnos
524 1044 713 1146 continuos
728 1043 767 1113 in
782 1045 880 1116 tenui
894 1044 1119 1138 corpusculo,
1141 1042 1219 1114 sine
1371 1037 1514 1135 Scripta
1529 1040 1605 1111 eius
1623 1065 1731 1134 quam
1749 1043 1852 1115 avide
1870 1047 1917 1116 ab
1930 1045 2101 1117 omnibas'
2112 1047 2179 1119 sint
2192 1073 2241 1118 ex-

220 1151 296 1223 ulla
311 1147 575 1221 intermissione
590 1147 772 1232 sustinuit,
793 1147 852 1216 vix
865 1162 907 1218 nt
920 1147 1093 1241 respirare
1108 1146 1219 1215 licue-
1269 1141 1389 1232 petita,
1409 1155 1447 1214 et
1459 1143 1560 1230 lecta,
1579 1159 1748 1238 quantam
1763 1140 1918 1220 habeant
1933 1150 2028 1242 apud
2045 1173 2160 1219 omnes
2174 1173 2242 1239 gra-

222 1253 281 1324 rit.
333 1251 509 1326 Similiter
525 1265 559 1322 et
574 1251 619 1320 de
636 1250 819 1320 doctrinae
841 1272 987 1341 genere,
1013 1250 1111 1346 qnod
1134 1271 1219 1341 pro-
1269 1244 1374 1330 tiam,
1400 1258 1435 1317 et
1458 1245 1554 1348 hono
1578 1246 1696 1318 studio
1719 1248 1757 1317 in
1782 1251 1870 1321 alias
1892 1265 1999 1346 atque
2021 1252 2104 1326 alias
2127 1253 2242 1322 fortnas

220 1357 411 1431 lessusest.
446 1351 579 1426 Verum
594 1365 785 1446 autequam
800 1355 845 1424 ad
860 1353 928 1424 alia
944 1376 1106 1446 pergam,
1132 1349 1220 1422 Stn-
1269 1347 1430 1419 certatim
1453 1362 1608 1436 mutata,
1633 1349 1672 1419 iu
1695 1351 1783 1422 alias
1805 1354 1945 1444 linguas
1969 1355 2151 1440 translata,
2175 1355 2242 1447 quis

222 1459 343 1531 diosus
368 1457 613 1529 admonendos
643 1479 716 1525 esse
739 1455 846 1540 dttxi,
879 1469 920 1528 nt
942 1454 1102 1546 exemplo
1127 1451 1220 1524 tanti
1269 1451 1358 1522 adeo
1380 1473 1504 1522 coecus
1525 1464 1599 1532 est,
1622 1465 1665 1522 ut
1688 1477 1764 1523 non
1786 1455 1930 1527 videat?
1982 1455 2103 1546 Quum
2122 1456 2172 1524 vel
2187 1481 2242 1526 no-

222 1562 313 1648 vici,
337 1585 375 1634 se
396 1561 441 1630 ad
456 1559 679 1648 diligentiam
702 1558 908 1628 indicendo
926 1558 1159 1642 exsuscitent,
1185 1568 1220 1627 et
1271 1575 1354 1622 men
1376 1549 1624 1627 Melanthonis
1651 1579 1726 1625 nou
1748 1557 1864 1628 solnm
1885 1559 1980 1650 apud
2009 1580 2091 1630 suos
2111 1581 2242 1642 sacrum,

223 1665 423 1738 adlabores
439 1661 669 1754 perferendos
684 1660 935 1736 adsuefaciant.
1270 1657 1332 1726 scd
1352 1657 1461 1726 etiam
1482 1651 1646 1728 hostibus
1660 1661 1869 1731 venerabile
1900 1662 1957 1732 sit.
2021 1657 2099 1734 Rex
2120 1657 2241 1730 Galliac

1269 1755 1480 1830 Franciscus
1510 1759 1636 1829 andire
1666 1783 1768 1847 enm,
1802 1776 1837 1833 et
1868 1763 2033 1834 conferre
2053 1763 2243 1834 desideravit

327 1862 605 1938 Themistoclem
644 1859 774 1936 dixisse
811 1863 997 1950 scribitur,
1042 1861 1219 1935 Miltiadis
1270 1885 1351 1932 cnm
1367 1861 1455 1954 ipso.
1489 1859 1586 1932 llaec
1601 1885 1682 1933 vere
1698 1858 1840 1938 heroica
1855 1879 1952 1954 sunt,
1973 1889 2042 1937 uec
2056 1865 2120 1937 ulli
2135 1863 2243 1936 trinu-

224 1965 455 2064 Trophaenm
480 1993 554 2039 non
585 1967 721 2060 patitur
742 1991 800 2037 me
821 1967 980 2038 dormire
1002 1991 1118 2061 neque
1145 1987 1220 2035 ces-
1260 1960 1334 2067 ¹phi
1349 1965 1430 2057 plus
1445 1959 1574 2037 habeat
1588 1989 1692 2036 verae
1706 1968 1834 2046 laudis.

223 2097 313 2148 sare.
363 2071 439 2144 Nec
454 2095 522 2141 nos
536 2093 619 2160 ergo
634 2071 725 2142 tanti
740 2071 811 2140 viri
825 2072 967 2156 laudes,
993 2068 1148 2140 eruditio
1162 2068 1221 2136 in-

223 2176 353 2268 signis,
377 2188 410 2244 et
426 2196 482 2244 res
499 2174 678 2266 praeclare
698 2187 812 2264 gestae
828 2174 968 2244 ociosos
992 2195 1065 2242 esse
1087 2171 1221 2255 sinant,
1372 2163 1457 2238 Non
1473 2183 1590 2241 autem
1607 2165 1765 2243 humana
1789 2173 1985 2260 industria,
2012 2197 2079 2244 uec
2094 2173 2172 2244 solis
2186 2168 2241 2241 hu·

224 2282 285 2351 sed
299 2277 492 2370 ignaviam,
516 2274 752 2360 oscitantiam,
779 2289 812 2347 et
829 2289 1013 2346 veternum
1031 2274 1221 2344 excutiant.
1271 2269 1388 2340 manis
1401 2271 1558 2359 viribus,
1584 2288 1618 2344 et
1640 2276 1799 2346 consiliis
1820 2277 1998 2347 foeliciter
2014 2276 2144 2367 regitur
2156 2297 2240 2344 voca-

224 2381 349 2476 Neque
362 2379 459 2450 enirn
473 2379 519 2446 ad
534 2377 652 2448 ocium
668 2401 847 2464 vocamur,
864 2401 944 2448 cum
961 2377 1017 2446 vel
1031 2378 1076 2446 ad
1092 2377 1220 2458 studia,
1271 2374 1342 2454 tio,
1357 2383 1429 2446 'aut
1445 2376 1611 2446 salutaria
1621 2377 1724 2448 liunt.
1765 2377 1837 2450 Sed
1853 2379 2034 2472 peculiare
2046 2377 2113 2450 Dei
2129 2381 2239 2448 donum

161 2535 164 2559 ι
224 2485 282 2556 vel
309 2485 354 2554 ad
380 2478 559 2552 Ecclesiae
583 2480 949 2566 administrationem,
983 2479 1041 2548 hel
1067 2477 1221 2548 docendi
1272 2490 1341 2562 est,
1363 2477 1401 2546 in
1417 2479 1674 2568 gubernatione
1690 2482 1877 2568 autoritas,
1899 2495 1935 2554 et
1947 2497 2096 2554 eventus
2109 2479 2236 2551 loclices.

224 2607 357 2658 munus
371 2585 412 2654 in
433 2579 564 2655 scholis
582 2577 805 2656 adhibemur.
858 2582 948 2654 Nam
964 2583 1083 2654 ocium
1100 2582 1221 2654 litera-
1271 2580 1422 2652 Paratur
1443 2582 1589 2676 quidem
1610 2583 1782 2654 autoritas
1803 2585 1929 2655 eximia
1952 2585 2100 2677 pietate,
2123 2585 2240 2665 virtute,

224 2690 338 2775 rium,
364 2689 461 2783 qnod
480 2687 530 2757 sic
551 2685 698 2770 dicitnr,
723 2711 798 2756 non
823 2700 874 2757 est
897 2686 1066 2776 ignavum
1088 2682 1221 2766 ocium,
1272 2685 1482 2776 prudentia,
1509 2699 1544 2755 et
1560 2687 1777 2758 eruditione:
1806 2686 1939 2757 Verum
1959 2702 2174 2767 uecesseest,
2196 2684 2241 2753 di·

224 2807 267 2864 ιιι
285 2789 456 2862 Centauri
480 2789 649 2860 nonnulli
674 2789 855 2868 indicant,
890 2789 952 2882 qui
975 2811 1058 2858 suos
1080 2799 1219 2857 tantum
1272 2787 1407 2858 viuitus
1422 2788 1461 2858 iu
1473 2783 1662 2858 hominnm
1678 2789 1806 2859 animis
1825 2790 1899 2859 ficri
1915 2790 2188 2870 inclinationem,
2209 2799 2241 2857 ul

224 2895 366 2966 labores
379 2891 655 2983 magnifaciunt,
681 2891 833 2961 aliorum
849 2915 953 2977 vero,
977 2913 1067 2984 quos
1082 2911 1148 2959 nec
1163 2887 1223 2958 iu·
1271 2902 1363 2959 recte
1383 2903 1569 2961 monentes
1583 2891 1751 2980 diligant,
1777 2891 2049 2984 magnifaciant,
2073 2907 2106 2964 et
2125 2905 2241 2984 optem·

183 3031 184 3036 ¹
223 2997 412 3088 tclligunt,
444 3018 510 3064 nec
537 3005 715 3085 praestare
743 3007 911 3085 possunt,
941 3006 1153 3076 extenuant,
1186 3005 1223 3063 et
1273 3004 1409 3084 perant.
1459 2987 1564 3085 Opus
1591 3005 1643 3064 est
1669 2993 1793 3064 divino
1815 2995 1947 3065 auxilio
1971 2994 2012 3065 in
2036 2997 2151 3066 dando
2172 3017 2241 3063 con-

225 3111 470 3173 cuutemuuut.
522 3095 594 3169 Sed
617 3095 813 3168 maximum
831 3109 902 3183 est,
929 3109 964 3166 et
984 3095 1222 3166 laboriosissi-
1271 3095 1371 3181 silio,
1395 3108 1429 3165 et
1443 3096 1659 3166 successibus
1675 3097 1904 3168 salutaribus.
1949 3095 2240 3190 Haecsacpissime

224 3225 325 3274 ntum
347 3199 546 3290 negocium.
599 3195 755 3269 Intentio
775 3199 870 3269 enirn
887 3198 1018 3285 animi,
1051 3199 1221 3280 studium,
1271 3221 1313 3268 ex
1328 3221 1390 3268 ore
1406 3197 1536 3290 ipsius,
1562 3195 1627 3268 hac
1641 3195 1844 3271 Salomonis
1858 3201 2034 3271 sententia
2051 3197 2241 3282 confirmari,

225 3303 412 3376 assiduitas
436 3301 475 3370 in
499 3301 671 3386 lectione,
698 3315 732 3372 et
751 3302 1003 3387 meditatione,
1028 3314 1063 3372 et
1085 3315 1124 3371 ut
1145 3324 1220 3370 uno
1271 3301 1395 3370 audire
1418 3325 1473 3370 me
1488 3301 1655 3386 memini,
1680 3317 1721 3372 ut
1739 3302 1864 3373 oculu's
1878 3303 2016 3390 videat,
2041 3303 2241 3376 elaurisau·

226 3405 336 3477 verho
350 3405 487 3488 dicam,
514 3401 662 3472 Maximi
684 3405 823 3474 labores
843 3405 1078 3498 requiruntur
1094 3403 1139 3472 ab
1154 3397 1221 3490 his,
1271 3403 1363 3488 diat,
1388 3400 1485 3473 Deus
1508 3403 1591 3473 facit
1606 3418 1814 3498 utrumqne,
1839 3401 1909 3475 hoc
1926 3418 1998 3488 est,
2026 3421 2066 3478 nt
2088 3407 2242 3498 guberua-

227 3510 290 3605 qni
312 3509 351 3578 iu
369 3502 501 3578 scholis
520 3519 725 3593 versantur,
750 3521 784 3576 ct
802 3505 859 3576 vel
876 3505 1055 3591 discendi,
1080 3506 1138 3574 vel
1155 3507 1221 3575 do-
1271 3520 1364 3576 tores
1387 3506 1575 3596 prudentia
1601 3507 1790 3593 excellant,
1821 3508 1962 3579 futuros
1985 3533 2088 3580 casus
2115 3525 2148 3582 et
2167 3506 2242 3577 mala

225 3612 330 3683 cendi
347 3633 493 3680 munere
508 3610 717 3698 funguntur.
770 3603 908 3679 Omnes
925 3602 1076 3680 Scholac
1094 3607 1221 3699 ingen·
1271 3608 1501 3698 provideant,
1526 3621 1562 3678 et
1581 3631 1650 3701 qna
1676 3609 1814 3678 ratione
1833 3610 1906 3680 illis
1929 3615 2184 3684 occurrendum
2200 3608 2243 3690 sit,

175 3775 180 3780 .
225 3717 274 3786 tia
298 3735 426 3796 onera,
451 3735 525 3780 non
550 3711 769 3780 inducendo
795 3723 956 3798 tantum,
981 3725 1015 3782 et
1039 3711 1221 3797 discendo,
1271 3710 1484 3799 intelligant,
1509 3707 1557 3780 Et
1572 3724 1612 3780 ut
1631 3711 1784 3802 populus
1799 3713 1931 3798 audiat,
1958 3727 2066 3810 atque
2080 3718 2242 3804 obtempe-

226 3818 287 3889 sed
304 3815 410 3887 etiam
425 3813 464 3882 iu
480 3813 623 3882 iudiciis
637 3815 682 3882 de
696 3815 922 3904 dogmatibus
941 3827 977 3886 et
992 3813 1221 3884 diiudicatio·
1270 3827 1344 3900 ret,
1370 3826 1563 3908 utrumque
1575 3813 1686 3884 solius
1703 3809 1770 3884 Dei
1786 3816 1997 3887 beneficium
2015 3841 2100 3894 esse.

223 3921 335 3990 nibus
358 3917 701 3999 controversiarum,
731 3941 822 4008 quae
853 3919 938 3988 inde
966 3929 1154 4007 petuntur,
1186 3929 1220 3986 et

226 4021 306 4092 aliis
330 4017 528 4091 innumeris
551 4018 838 4106 difficultatibus,
862 4041 949 4113 quas
972 4043 1047 4088 non
1068 4019 1138 4087 nisi
1160 4043 1221 4088 ex·
1373 4014 1446 4087 lam
1460 4017 1569 4088 etiam
1583 4021 1755 4113 quaedam
1773 4021 1817 4090 de
1834 4020 1971 4112 privata
1987 4023 2079 4109 vita,
2103 4015 2243 4093 etmari-

226 4125 319 4218 perti
351 4122 578 4212 intelligunt,
609 4120 797 4192 sustinent.
859 4121 980 4212 Quare
1009 4122 1147 4202 studio,
1185 4133 1221 4190 et
1269 4115 1396 4190 busD.
1414 4115 1573 4214 Philippi
1596 4121 1815 4192 subiicienda
1839 4145 1913 4193 esse
1936 4124 2061 4211 video,
2088 4123 2178 4218 quod
2199 4117 2243 4186 sa·

225 4215 409 4318 diligentia
425 4225 464 4294 in
478 4219 607 4294 scholis
621 4245 711 4314 opus
727 4237 779 4295 est
794 4223 832 4292 in
844 4225 1017 4309 docendo,
1034 4236 1067 4294 et
1078 4224 1220 4294 discen·
1270 4222 1359 4292 ciam
1382 4224 1554 4308 breviter,
1578 4249 1653 4294 non
1668 4227 1765 4320 qnod
1789 4250 1900 4317 pauca
1923 4227 2012 4311 siut,
2037 4251 2126 4321 qnae
2142 4227 2182 4294 de
2197 4216 2243 4289 his

227 4331 293 4410 do,
320 4343 359 4399 ιιι
373 4327 570 4397 doctrinam
591 4325 741 4396 solidam
765 4349 1028 4418 comparemus,
1054 4339 1088 4398 et
1103 4328 1147 4396 ad
1167 4327 1219 4398 la·
1270 4319 1466 4396 honorifice
1482 4327 1552 4396 dici
1569 4327 1721 4418 possint,
1745 4330 1807 4397 sed
1825 4351 1870 4398 ne
1892 4330 2096 4420 prolixitate
2111 4324 2244 4400 Oratio·

226 4433 331 4502 hores
348 4430 513 4498 ferendos
529 4451 596 4498 nos
609 4451 870 4522 praeparemus.
1269 4426 1325 4496 nis
1350 4427 1518 4500 molestus
1541 4430 1624 4499 sim:
1655 4429 1813 4500 Tametsi
1837 4431 1997 4517 confido,
2023 4433 2121 4502 unlla
2144 4448 2244 4523 quan·

1268 4531 1400 4601 tumvis
1421 4531 1528 4622 longa
1545 4527 1721 4604 Oratione
1743 4534 1788 4602 de
1807 4545 1906 4604 tanto
1929 4535 2007 4604 viro
2033 4535 2169 4605 animos
2189 4551 2244 4598 au·

326 4631 400 4704 Nec
423 4632 548 4701 inanes
571 4645 632 4701 ant
656 4633 748 4704 irriti
769 4634 867 4704 sarcre
891 4629 999 4703 huius
1023 4634 1091 4704 viri
1114 4659 1219 4726 prae-
1268 4633 1426 4704 diturum
1448 4635 1610 4705 exsatiari
1633 4657 1745 4725 posse.
1795 4633 1865 4706 Hic
1889 4661 1975 4707 vern
1998 4638 2185 4707 latissimus
2196 4629 2243 4699 di·

224 4735 312 4807 clari
326 4748 491 4819 conatus,
515 4747 551 4805 et
563 4733 721 4817 labores,
747 4737 806 4805 sed
824 4737 1039 4828 gubernatio
1055 4731 1218 4824 Scholae,
1267 4737 1375 4806 vendi
1388 4761 1532 4830 campus
1547 4761 1584 4824 se
1600 4733 1690 4807 mihi
1702 4739 1826 4829 aperit.
1877 4737 1984 4827 Quod
2010 4741 2038 4808 si
2060 4763 2124 4830 pro
2140 4729 2244 4823 digui-

116 4877 126 4888 ·
223 4861 315 4934 quae
345 4859 483 4930 semper
512 4835 552 4906 iu
582 4837 734 4908 maximo
762 4853 837 4911 erat
865 4839 972 4922 flore,
1000 4839 1105 4910 foelix
1137 4841 1216 4912 luit.
1267 4851 1339 4910 tate
1360 4839 1508 4912 virtutes
1531 4840 1600 4910 viri
1622 4841 1845 4925 tractandae,
1875 4854 1910 4911 et
1937 4842 2073 4912 meritis
2094 4837 2245 4911 laudibus

224 4937 427 5012 Antoritate
441 4959 577 5009 summa
593 4939 770 5029 pollebat,
796 4953 838 5012 ut
852 4965 975 5013 omnes
988 4961 1060 5013 tarn
1076 4943 1217 5029 summi,
1266 4944 1447 5012 ornandae
1471 4957 1605 5028 essent,
1635 4944 1743 5013 nimis
1766 4944 1858 5014 loret
1874 4943 2065 5038 prolixum.
2117 4941 2195 5012 ldeo
2210 4935 2245 5003 in

222 5067 330 5137 quatu
355 5042 469 5112 infimi
490 5041 643 5112 libenter
660 5057 921 5135 praeceptorem
940 5069 1165 5116 communem
1182 5059 1218 5117 et
1265 5069 1377 5136 pauca
1392 5041 1611 5117 contraham.
1703 5115 1712 5132 ,

220 5159 391 5217 vocarent
413 5158 449 5216 et
471 5159 719 5234 agnoscerent,
751 5171 888 5217 summa
911 5148 1158 5234 observantia,
1181 5159 1217 5218 et

221 5248 418 5320 reverentia
436 5269 511 5317 non
525 5269 624 5318 secus
641 5271 680 5318 ac
694 5263 877 5342 parentem
892 5253 1068 5337 colerent,
1096 5251 1215 5321 moni·
1368 5246 1453 5322 Fuit
1466 5248 1505 5318 in
1522 5242 1591 5318 hoc
1607 5248 1685 5319 viro
1705 5251 1878 5324 excellens
1901 5252 2034 5346 pietas,
2056 5273 2125 5347 qna
2140 5245 2245 5319 Deum

221 5351 267 5422 tis
283 5351 395 5444 ipsius
411 5350 566 5422 libenter
578 5351 881 5445 obtemperarent.
934 5353 1006 5424 Nec
1025 5355 1123 5426 ullus
1143 5376 1214 5425 uu-
1264 5375 1305 5422 ex
1326 5351 1437 5424 verbo
1460 5373 1525 5422 suo
1545 5373 1629 5421 vere
1644 5355 1807 5443 agnovit,
1829 5369 1864 5428 et
1882 5357 2067 5452 amplexus
2080 5365 2131 5424 est
2146 5360 2245 5420 totam
