4686 6172
1062 1151 1117 1237 ΙΙ.

72 1351 451 1465 Auuoutun,
511 1345 937 1438 casulanum
979 1343 1358 1460 Acr10NttS,
1414 1343 1776 1452 ,tutnuuuu
1815 1343 2109 1439 attavus

888 1487 1289 1582 coNcloan
1433 1567 1437 1574 .

494 1660 547 1727 IN
572 1655 755 1726 mutuus
783 1655 1080 1726 souuutuaus
1101 1651 1375 1720 Acaunum
1405 1643 1687 1738 adclinati,

252 1791 409 1871 suun
448 1771 559 1871 cun
588 1787 815 1868 sumnus
846 1782 1169 1884 acmumeu,
1215 1789 1254 1862 a
1285 1781 1647 1896 nonsummum
1681 1783 1929 1901 scurrus.

967 2029 1225 2048 m

30 2299 34 2312 ·
80 2263 150 2338 No.
169 2263 206 2337 1.
402 2310 406 2319 -
913 2267 1054 2349 (annot)
1119 2277 1373 2356 campartem,
1398 2287 1490 2356 quae
1511 2255 2109 2354 esthauddubielongeomnium

68 2358 213 2384 Μ
903 2361 1065 2389 “’”““”’”
1120 2362 1414 2457 pulcherrimus
1429 2363 1649 2450 suavissima,
1663 2365 1829 2438 videlicet
1842 2361 2016 2462 Physiceu
2031 2366 2110 2436 lau-

140 2479 437 2550 thuaess.stbeeo
451 2480 531 2538 atina
545 2480 702 2555 μήκη.
1117 2467 1303 2550 dabimus,
1329 2491 1419 2559 quac
1434 2467 1636 2536 universam
1653 2489 1772 2536 rerum
1791 2481 1954 2538 naturam
1975 2481 2111 2539 umm-

63 2645 126 2718 n.
139 2635 530 2736 aurovones,
554 2645 596 2712 a»
613 2645 848 2734 ermon·
861 2644 1068 2740 uneto-
1117 2567 2120 2762 ttzttfftlt.tt¹¹tttl¹.tzatlt‘5⁸;.t{¹:1⁰;¹.¹t'².:'

519 2764 619 2816 ml·
1117 2769 1296 2840 rationum
1315 2784 1349 2840 et
1365 2769 1649 2862 corruptionum.
1701 2768 1755 2840 Ac
1770 2763 2023 2864 sapientissimi
2040 2771 2110 2842 viri

64 2881 170 2973 Cum
195 2891 340 2986 publica
361 2893 580 2961 consuetudo
605 2890 711 2962 uobis
733 2885 801 2962 hoc
823 2890 903 2962 loco
923 2889 1066 2962 dicendi
1117 2871 1230 2942 ”⁰¹¹³
1252 2872 1447 2963 ⁶⁰¹lld¹¹¹¹l=
1484 2895 1594 2965 ‘1⁰²²‘
1625 2865 1752 2942 buum
1782 2887 1962 2946 l⁸¹¹²²¹⁰¹¹¹
1988 2883 2120 2944 'imm'

63 2998 316 3071 necessitatem
347 2993 526 3085 imponat,
564 3009 645 3085 peto
675 3017 695 3064 a
721 2994 823 3064 vobis
848 2993 1065 3066 ornatissimi
1116 2974 1274 3062 ⁶⁰8¹¹lll⁰
1296 2973 1447 3044 milwe
1470 2967 1608 3042 h⁰¹¹¹l¹¹l
1631 2977 1825 3066 ‘well-'¹¹⁶⁸
1845 2976 1902 3047 ⁸3²·
1953 2975 2024 3048 &d
2042 2997 2110 3046 ¹¹⁰⁸

61 3101 156 3183 „ffi’
194 3121 242 3168 m
268 3119 324 3164 me
350 3094 485 3186 ingenii
514 3095 642 3166 fiduci„
670 3091 734 3164 ha,
759 3090 851 3164 mihi
876 3095 1065 3188 sumpsisse
1117 3099 1190 3146 uuo
1207 3073 1360 3166 Virgilio
1381 3075 1541 3146 contenti
1562 3075 1715 3162 erimus,
1742 3078 1806 3170 qui
1822 3072 2110 3148 honorificentis-

62 3217 209 3299 partes,
236 3199 296 3270 sed
312 3197 504 3268 adductum
528 3195 644 3267 officio
660 3221 718 3267 eas
733 3198 924 3290 suscepisse
944 3199 1066 3270 existi·
1116 3177 1216 3296 ξῖωθ,
1241 3177 1431 3270 Ρῐῦθΐθῦἷθ
1464 3173 1558 3248 hanc
1578 3177 1790 3250 ducturam
1825 3179 1986 3266 miili,
2026 3200 2109 3250 ⁶⁰¹⁰

60 3305 182 3378 metis.
236 3297 312 3390 Ego
329 3299 424 3368 euim
443 3298 584 3368 nullum
604 3301 716 3390 magis
736 3301 971 3370 necessarium
986 3301 1067 3370 offi-
1117 3293 1251 3374 m‘limi

60 3410 159 3482 cium
175 3425 257 3476 esse
270 3401 411 3492 iudico,
436 3424 544 3495 quam
556 3400 695 3491 legibus
711 3415 746 3473 et
768 3401 940 3474 institutis
960 3397 1064 3472 scho-
1216 3385 1326 3450 Μ’
1339 3391 1395 3472 ‘1¹¹¹
1407 3393 1509 3470 Ρ0ωῇ
1520 3411 1621 3452 “¹⁰¹²
1637 3411 1817 3473 ⁰⁰8¹¹⁰⁸W⁹
1833 3413 1947 3458 “um-

58 3513 115 3586 lae
142 3529 289 3603 parere.
338 3500 479 3575 Deinde
497 3501 565 3573 etsi
585 3497 676 3572 mihi
691 3503 914 3575 imbecillitas
928 3505 1065 3596 ingenii
1116 3499 1218 3591 Quae
1233 3502 1337 3572 'euim
1361 3501 1476 3591 potnit
1493 3502 1570 3572 laus
1593 3503 1747 3594 amplior
1765 3507 1974 3597 excogitari,
2001 3529 2109 3600 quam

57 3613 133 3686 mei
156 3633 242 3682 non
264 3605 385 3696 ignota
405 3619 475 3690 cst,
499 3618 619 3676 tamen
639 3629 720 3676 cum
739 3608 886 3687 scirem,
912 3630 974 3677 vos
989 3631 1065 3677 uun
1118 3607 1214 3697 quod
1237 3599 1304 3673 hac
1323 3603 1485 3674 doctrina
1508 3606 1631 3676 beatos
1651 3605 1742 3675 effici
1759 3602 1922 3680 homines
1939 3609 2110 3680 testatur?

56 3717 181 3790 solum
206 3707 397 3781 excellenti
420 3706 600 3792 doctriua,
624 3709 686 3776 sed
708 3707 813 3778 etiam
834 3733 972 3778 summa
993 3709 1068 3778 vir-
1118 3705 1189 3776 Sed
1205 3703 1317 3774 animi
1334 3705 1430 3795 vulgi
1452 3705 1501 3775 ita
1519 3709 1678 3798 oppressi
1698 3721 1782 3778 sunt
1798 3709 2013 3781 stultissimis
2031 3711 2111 3803 opi-

54 3833 134 3892 tute
160 3830 280 3908 atque
302 3803 523 3880 humanitate
547 3809 743 3900 praeditos,
774 3811 884 3900 magis
910 3810 1066 3881 officium
1118 3807 1289 3878 niouibus
1312 3829 1352 3876 ac
1375 3807 1663 3897 flagiciosissimis
1685 3809 1957 3900 cupiditatibus,
1985 3826 2026 3884 ut
2042 3823 2109 3883 've-

53 3946 169 4018 quam
189 3910 461 4006 eloquentiam,
494 3935 584 4004 quae
604 3912 750 3982 existere
772 3911 810 3979 iu
831 3912 1067 3982 adolescentia
1117 3933 1193 3980 ram
1214 3908 1474 3980 beatitudinem
1497 3933 1613 4004 neque
1637 3911 1837 4002 intelligant
1865 3937 1979 4007 neque
2004 3937 2109 4006 espe-

50 4049 130 4098 uon
157 4028 306 4116 potest,
330 4013 526 4106 requirere:
551 4010 700 4104 Speravi
722 4035 786 4082 vos
809 4014 982 4084 infantiae
1005 4037 1067 4084 ve-
1117 4023 1205 4086 tent.
1256 4008 1379 4099 Quare
1406 4011 1521 4082 iacent
1549 4012 1653 4083 ctiam
1678 4009 1744 4082 hae
1767 4015 1939 4086 maximae
1959 4041 1999 4087 ac
2026 4015 2109 4107 pul-

50 4127 154 4200 niam
178 4124 340 4194 daturos
364 4138 457 4200 esse,
485 4115 593 4208 idque
622 4127 662 4184 ut
689 4113 842 4196 iacietis,
875 4137 938 4186 vos
959 4117 1065 4187 etiam
1117 4108 1313 4182 cherrimae
1335 4125 1427 4182 artes
1449 4127 1586 4206 spretae
1608 4129 1713 4208 atque
1743 4129 1974 4208 contemptae.
2026 4116 2110 4209 Qua

48 4243 163 4325 atque
181 4219 304 4296 etism
317 4241 394 4292 oro.
443 4215 535 4288 Nam
550 4238 615 4306 ego
636 4241 777 4310 quoque
800 4241 943 4310 operam
958 4221 1066 4304 dabo,
1117 4214 1154 4282 in
1171 4239 1209 4285 re
1224 4215 1316 4284 illud
1331 4227 1384 4284 est
1399 4216 1586 4308 praecipue
1598 4217 1804 4298 dolendum,
1827 4219 1922 4312 quod
1938 4243 2014 4290 uon
2027 4233 2109 4290 tau-

52 4348 96 4406 ut
111 4325 300 4404 brevitate
314 4317 486 4390 orationis
502 4318 658 4388 taedium
675 4319 779 4388 uobis
792 4319 938 4394 levetur.
1116 4329 1192 4386 tum
1207 4317 1363 4387 illiterati
1378 4311 1470 4387 hanc
1484 4318 1681 4390 doctrinam
1697 4333 1951 4410 aspernantur,
1976 4323 2037 4392 sed
2053 4324 2110 4394 vel

166 4425 221 4504 Et
242 4421 413 4516 quoniam
435 4414 501 4490 hoe
522 4419 601 4490 loco
615 4419 704 4490 solet
726 4419 861 4514 aliquid
881 4425 926 4492 de
940 4416 1067 4492 Pbilo-
1117 4418 1269 4489 maxime
1293 4419 1447 4489 oderunt
1472 4443 1549 4488 eam
1577 4419 1620 4503 ii,
1653 4419 1716 4513 qui
1742 4421 1926 4492 doctrinae
1953 4423 2047 4494 lame
2069 4451 2110 4496 ac

53 4531 194 4630 sophia
221 4523 315 4608 dici,
348 4544 423 4592 uon
442 4536 513 4592 tam
533 4535 572 4592 ut
594 4521 771 4613 specimen
790 4523 975 4594 doctrinae
999 4549 1067 4593 no-
1118 4519 1231 4591 titulis
1249 4541 1286 4589 sc
1307 4521 1350 4588 ad
1373 4520 1546 4612 populum
1562 4521 1765 4603 venditant,
1792 4547 1872 4592 cum
1889 4527 2034 4618 quidem
2053 4545 2110 4598 eas

51 4656 154 4712 aaran
174 4625 429 4708 exhibeamus,
454 4647 559 4718 quam
587 4639 626 4696 ut
647 4623 790 4716 publice
810 4625 981 4696 iudicium
999 4651 1067 4696 no-
1118 4621 1210 4714 ipsas
1229 4635 1340 4706 artes,
1365 4645 1453 4714 ques
1469 4621 1698 4712 profitentur,
1724 4623 1800 4694 siue
1818 4619 1884 4696 hac
1907 4643 2007 4720 parte
2023 4623 2110 4698 Phi·

52 4749 180 4814 s'trurn
220 4733 269 4802 de
301 4725 431 4798 stilum
458 4725 647 4815 dignitate,
691 4748 779 4820 quas
811 4725 946 4798 indocti
978 4753 1066 4797 con·
1117 4717 1298 4815 losopbiae
1312 4723 1403 4792 tueri
1420 4723 1522 4794 nullo
1537 4727 1643 4793 modo
1659 4725 1805 4816 possint.
1847 4726 1920 4800 Sed
1936 4755 2010 4799 non
2023 4729 2111 4803 libet

50 4849 258 4920 temnunt,
278 4829 512 4912 declaremus,
537 4851 578 4897 ac
593 4841 781 4907 testemur,
807 4851 873 4898 uos
892 4853 973 4898 cum
997 4826 1064 4899 boc
1116 4827 1161 4895 de
1186 4824 1354 4894 monstris
1376 4823 1448 4893 illis
1472 4849 1513 4896 ac
1540 4825 1697 4918 pestibus
1726 4849 1845 4897 rerum
1870 4824 2110 4902 humanarum

48 4947 178 5040 gradu
199 4931 353 5008 honoris
369 4953 489 5002 esrum
513 4927 748 5022 patrocinium
764 4952 805 4999 ac
823 4931 1064 5000 defensionem
1116 4927 1218 5019 plura
1236 4925 1363 4997 dicere.
1415 4923 1573 4998 Tantum
1590 4949 1649 4998 eos
1666 4922 1897 5016 adhortabor,
1914 4935 2110 5026 quisanio-

47 5049 202 5143 „prima
220 5031 610 5122 voluntatesuscipere:
636 5029 930 5123 Instituictipse,
950 5057 1066 5124 quan-
1115 5028 1217 5100 ribus
1248 5027 1401 5118 ingeniis
1431 5027 1601 5119 praediti,
1640 5053 1721 5099 vera
1750 5053 1791 5100 ac
1814 5033 1992 5102 durabilia
2014 5035 2110 5106 bona

47 5165 133 5225 tum
152 5143 251 5218 baec
268 5135 436 5227 temporis
458 5133 619 5224 augustis
635 5131 737 5218 sinit,
762 5133 899 5228 aliquid
915 5136 961 5204 de
976 5129 1064 5204 Phi·
1116 5129 1321 5224 inquirunt,
1354 5145 1389 5201 et
1414 5143 1592 5222 expetunt.
1654 5127 1701 5199 lis
1727 5125 1820 5202 hanc
1845 5136 1891 5205 ad
1914 5157 1955 5206 ea
1984 5138 2110 5208 ducem

45 5244 259 5342 loeophiae
272 5238 439 5310 laudibus
451 5236 579 5309 dicere.
1116 5245 1314 5302 monstrare
1329 5245 1363 5302 et
1378 5233 1629 5301 commendare
1642 5231 1758 5323 cupio.

163 5347 290 5422 Porro
303 5361 418 5434 neque
434 5350 542 5408 totam
557 5336 742 5426 complecti
757 5360 855 5408 nuuc
866 5359 1064 5429 possumus,
1216 5331 1378 5403 Primum
1399 5333 1496 5402 euim
1520 5357 1600 5404 cum
1620 5327 1705 5402 baec
1721 5333 1879 5423 cognitio
1894 5335 2046 5407 maxime
2064 5337 2112 5410 sit

43 5475 179 5552 mque
204 5447 257 5518 dc
279 5441 353 5514 ulle
378 5451 479 5535 parte
507 5439 591 5512 satis
615 5438 747 5513 dicere.
798 5431 884 5512 ldeu
906 5439 1064 5512 breviter
1113 5435 1310 5509 secundum
1342 5447 1526 5521 usturam,
1565 5427 1658 5504 nibil
1685 5457 1726 5504 ea
1762 5459 1880 5532 neque
1913 5433 2097 5512 honestius
