4674 6162
100 1683 116 1702 ·
245 1654 414 1728 admittas
432 1676 489 1722 me
512 1653 555 1722 ad
583 1649 800 1743 colloquium
824 1647 1031 1740 priusquam
1048 1645 1234 1716 disceden-
1310 1702 1314 1712 .

237 246 312 330 sss
484 303 488 310 .
615 239 619 248 ’
918 235 922 245 ’
1034 229 1488 316 surrrauarra

239 423 344 507 iecit,
369 418 401 493 si
418 414 556 493 oscado
579 415 770 503 incideret,
793 426 829 488 te
852 435 928 485 nou
950 412 1134 489 illibenter
1153 438 1231 490 ms·
1372 483 1375 489 ,
1616 409 1778 492 Auito
1810 416 1947 500 1541.

241 551 324 604 cum
337 527 383 598 de
396 517 455 594 his
469 521 578 595 rebus
591 519 703 594 amice
724 517 1027 614 colloquutnrnm.
1076 517 1169 594 Nam
1195 531 1231 590 et
1517 543 2037 626 (aano.21⁵tvot.tv.p.11s.)
2236 595 2239 600 a

240 631 318 726 ipse
331 629 498 724 pietatem
514 638 617 697 tuam
635 623 676 694 in
691 621 849 736 patriam
863 633 898 692 et
911 615 1107 694 Ecclesiam
1126 619 1232 692 miri-
1279 613 1348 692 No.
1365 615 1479 696 ms.
1522 667 1535 694 .
2069 635 2258 731 (mmm)

241 734 307 807 lice
328 727 508 814 laudavit,
543 741 621 800 tum
643 725 846 812 etiamfinon
869 746 943 795 esse
964 723 1087 820 iniqua
1109 724 1233 800 deme
1292 713 1466 748 “⁴¹⁸''
2095 731 2254 768 w·-

240 835 424 932 opihione.
481 827 557 902 lam
587 831 683 901 inter
713 827 884 924 pauculos
916 827 992 900 dics
1026 827 1231 900 abeundum
1409 807 1617 898 Brevem
1651 809 1719 898 ad
1748 811 2144 936 Memminyemes,

189 957 191 966 .
243 936 335 1011 mihi
358 925 654 1010 Darmstadium
682 946 752 1018 est,
786 929 851 1002 ubi
874 929 1093 1004 conveniunt
1124 929 1230 1020 legati
1349 977 1621 1052 'cananaeum
1635 979 1751 1056 nupsi.
1770 983 1844 1055 quoa
1865 993 1905 1038 m
1926 979 2261 1072 incolleeetontrp;,1,.

244 1057 450 1114 nostrorum
470 1038 673 1130 principum
687 1048 721 1106 et
738 1031 942 1120 civitatum,
957 1035 1029 1104 scio
1045 1048 1186 1116 autem,
1201 1031 1231 1100 si
1388 1049 1476 1104 tarum
1499 1049 1617 1122 buceri,
1644 1054 1731 1106 eribus
1752 1053 1938 1108 voluminibus
1960 1069 2117 1125 constrato,
2140 1075 2164 1118 er
2181 1087 2259 1125 suar.

244 1147 309 1218 a..
333 1157 369 1216 a
662 1134 698 1232 ι>
722 1136 959 1228 aaa...
996 1137 1034 1205 a
1052 1133 1232 1207 flascas-
1384 1116 2262 1277 ea.¹uallarattautae‘sarabaitam

242 1245 448 1338 Principem
463 1239 649 1314 Cattorum
666 1261 768 1329 aegre
790 1240 945 1308 laturum
971 1259 1054 1310 esse.
1104 1235 1232 1306 Fretus
1384 1256 1476 1311 rossa.
1496 1285 1528 1300 -
1563 1255 1795 1331 Puroepinotam
1814 1277 1910 1316 mense
1921 1261 2025 1320 Mario
2039 1265 2118 1326 1⁵41.
2135 1291 2190 1329 em
2200 1279 2261 1332 scri-

245 1349 367 1443 itaque
383 1361 444 1442 tua
460 1346 618 1416 bonitate
633 1357 667 1415 et
683 1342 801 1412 studio
826 1340 864 1409 in
878 1341 1029 1432 patriam
1045 1352 1150 1434 atque
1166 1362 1232 1430 po·
1387 1334 1472 1442 νῑξω·
1501 1359 1505 1368 ·

131 1505 135 1514 -
243 1451 372 1546 pulum
393 1444 548 1532 Christi,
582 1445 681 1516 volui
701 1446 768 1516 ista
798 1445 843 1512 ad
865 1457 900 1514 te
921 1442 1093 1522 scribere,
1126 1454 1234 1532 atque

245 1575 348 1624 orare
365 1575 429 1646 per
443 1545 647 1631 Christum,
669 1562 724 1632 ut,
743 1545 772 1615 si
789 1568 851 1637 per
866 1545 1006 1635 negotia
1021 1543 1096 1613 lieri
1113 1555 1233 1638 queat,
1284 1487 1464 1589 Ep¹⁸i⁰1⁰
1492 1487 1662 1562 an
1698 1488 1761 1562 'ad
1788 1487 1989 1568 Ffalm
2023 1495 2263 1577 Memmia·

1282 1617 1463 1692 gauses,
1489 1618 1520 1664 s.
1547 1589 1573 1664 l.
1600 1604 1632 1664 et
1659 1595 1698 1669 a}
1750 1589 1913 1669 Iacobus
1939 1589 2116 1674 Cleberus
2132 1611 2264 1702 Argen-

246 1761 333 1830 dum
359 1757 406 1827 sit
427 1755 471 1825 ad
491 1767 654 1824 nostrum
672 1761 886 1821 conventum
908 1763 941 1819 et
955 1747 1235 1838 Landgravium.
1498 1705 1618 1782 imam
1628 1695 1795 1770 Hubiiw
1811 1699 1932 1776 miili?
1959 1704 2071 1776 ¹541·

246 1853 399 1953 lstic²),
436 1858 568 1941 latcor,
607 1855 693 1923 citra
716 1850 953 1943 suspicionem
977 1850 1146 1941 congredi
1167 1873 1235 1918 no·
1286 1832 1414 1920 Gratia
1427 1861 1460 1918 at
1478 1871 1545 1939 par
1564 1860 1669 1941 atque
1685 1849 1830 1940 spiritus
1843 1852 2056 1940 prudentiae
2075 1869 2111 1927 et
2127 1853 2263 1931 charita·

244 1963 302 2036 bis
320 1959 394 2032 rion
411 1958 514 2030 facile
528 1957 614 2041 erit,
639 1958 700 2026 sed
716 1967 770 2025 est
795 1975 905 2044 pagus
928 1953 1075 2046 quidam
1096 1952 1235 2022 vicinus
1285 1954 1331 2025 tis
1357 1951 1458 2020 vobis
1480 1965 1676 2038 augeantur
1695 1974 1716 2022 a
1737 1949 1919 2039 Domino,
1949 1955 2080 2028 iratres
2105 1961 2259 2032 carissimi

245 2063 436 2156 Hagenoae
451 2052 725 2153 Bischmyhr,
749 2055 813 2126 ubi
834 2051 974 2126 habitat
997 2050 1107 2124 homo
1128 2077 1236 2147 eque·
1286 2069 1393 2147 atque
1411 2051 1637 2125 observandi.

218 2249 221 2258 ¹
247 2167 330 2240 stris
352 2163 490 2236 ordinis
504 2153 718 2231 Ludovicus
733 2155 781 2228 ab
798 2150 1013 2238 Eschnaw,
1039 2157 1102 2250 qui
1119 2155 1236 2226 consi·
1388 2151 1540 2224 Moveor
1555 2177 1610 2222 me
1628 2149 1732 2224 isthic
1756 2167 1791 2225 et
1806 2157 1893 2236 ¹alibi
1916 2183 1989 2234 una
2014 2186 2099 2232 cum
2123 2162 2256 2236 Domino

248 2268 373 2340 liarius
400 2279 452 2336 est
476 2262 648 2357 principis
668 2259 824 2333 Palatini
846 2255 1043 2345 Electoris‚
1064 2259 1120 2328 vir
1145 2258 1236 2326 lidus
1285 2249 1473 2334 Luthero,
1499 2248 1677 2352 Philippo
1703 2270 1738 2328 et
1760 2259 2263 2353 aliquot'Ecclesiastici'sllas-

154 2391 157 2398 ’
248 2387 284 2444 et
306 2371 462 2460 integer,
492 2377 709 2437 secretorum
735 2361 991 2435 tenacissimus.
1047 2356 1103 2430 Eo
1125 2358 1238 2452 possit
1287 2359 1389 2430 siacis
1406 2357 1563 2442 traduci,
1590 2358 1690 2452 quasi
1716 2352 2145 2458 Landgravius'nostro
2162 2373 2262 2440 consi-

247 2472 295 2550 D.
310 2471 355 2543 Τ.
375 2469 476 2566 quasi
492 2465 604 2540 animi
619 2490 722 2536 causa
737 2465 875 2556 egredi,
896 2485 1001 2533 mane
1016 2461 1072 2532 vel
1087 2461 1237 2554 vesperi.
1286 2463 1337 2532 lio
1371 2460 1606 2530 concubinam
1640 2461 1843 2536 adiunxerit
1874 2468 1960 2555 sibi,
1992 2494 2074 2563 qua·
2099 2495 2170 2542 una
2198 2495 2264 2542 cum

217 2561 224 2576 ’
248 2575 289 2649 si
304 2570 467 2646 hoc‘loci
484 2567 674 2643 convenire
695 2569 823 2654 libeat,
848 2565 904 2637 vel
918 2566 987 2635 alia
1006 2587 1236 2660 quaecunque
1288 2587 1397 2634 uxore
1425 2575 1545 2632 utatur
1568 2563 1744 2654 legitima,
1779 2591 1914 2662 nosque
1937 2573 2033 2642 istud
2061 2575 2192 2645 factum
2213 2577 2265 2643 de-

249 2677 343 2751 ratio
367 2699 424 2746 me
452 2672 665 2746 admittendi
688 2673 841 2764 placeat,
875 2691 982 2759 rogo.
1010 2667 1068 2736 vel
1092 2668 1236 2746 scribas,
1288 2669 1432 2738 fondere
1465 2665 1595 2755 scripto
1629 2665 1798 2737 loliomm
1820 2670 1879 2744 66.
1930 2671 2003 2744 Nec
2033 2677 2183 2762 desunt,
2215 2675 2268 2771 qui

139 2779 144 2788 ’
250 2781 307 2852 vel
332 2775 435 2862 huic,
460 2777 523 2872 qui
545 2771 611 2844 has
634 2768 792 2859 exhibet,
817 2771 974 2855 indices,
1007 2769 1237 2863 quirespon-
1287 2769 1482 2840 admodum
1498 2761 1742 2840 inhumaniter
1757 2784 1790 2840 et
1809 2773 2002 2864 obiurgant
2025 2791 2061 2866 et
2086 2777 2268 2848 criminen-

248 2905 328 2955 sum
343 2895 444 2952 tuum
461 2881 555 2950 bona
574 2877 644 2958 lide
664 2879 708 2946 ad
731 2900 787 2944 me
807 2873 954 2966 perferri
970 2871 1120 2942 curabit.
1154 2867 1239 2941 *Est
1288 2885 1348 2942 tur
1371 2869 1500 2953 etiam,
1531 2881 1700 2964 tanquam
1729 2875 1882 2946 convicti
1906 2871 2014 2948 huius
2042 2877 2095 2951 rei
2117 2901 2268 2954 essemus.

248 2985 346 3055 enim
356 2979 464 3052 homo
482 2981 681 3073 exploratae
696 2974 834 3072 fider),
860 2990 894 3045 et
910 2975 1048 3068 aliquot
1063 2973 1138 3041 dies
1155 2996 1238 3066 pro·
1288 2971 1423 3064 Scripsi
1450 2985 1532 3044 ante
1556 2966 1622 3040 hac
1647 2973 1749 3044 vobis
1775 2976 1821 3046 dc
1844 2979 1910 3050 ista
1932 3003 2057 3067 causa,
2081 3007 2172 3076 quae
2196 2981 2268 3053 satis

251 3101 330 3181 pter
344 3097 526 3175 aegrotum
544 3082 722 3176 quendam
739 3080 796 3150 cui
813 3076 968 3148 remedia
984 3069 1145 3160 exhibet,
1169 3077 1238 3168 (est
1289 3099 1362 3145 esse
1380 3087 1544 3166 poterant
1557 3074 1747 3163 iratribus,
1770 3079 1832 3172 qui
1849 3081 1954 3152 lidem
1970 3097 2154 3171 nostram,
2179 3085 2266 3154 labo·

251 3191 347 3261 enim
372 3186 529 3256 medicus
550 3183 745 3253 admodum
762 3184 886 3252 doctus
909 3193 944 3250 et
963 3173 1132 3269 diligens)
1159 3177 1238 3246 istic
1290 3200 1347 3250 res
1380 3190 1414 3246 ct
1442 3176 1720 3246 sollicitudiuem
1741 3185 1818 3270 'pro
1841 3179 2010 3255 Ecclesiis
2040 3185 2109 3257 Dei
2140 3199 2271 3268 norunt,

251 3287 423 3362 haerebit.
475 3285 579 3359 Sexta
601 3309 685 3355 vero
710 3281 807 3354 lunii
831 3282 1037 3352 abeundum
1058 3275 1149 3348 mihi
1173 3279 1240 3348 erit
1289 3279 1422 3374 quique
1457 3279 1673 3348 offendicula
1702 3280 1747 3349 ah
1768 3279 1937 3354 Ecclesiis
1967 3311 2176 3374 removere,
2208 3313 2270 3358 non

252 3396 297 3466 ad
315 3402 530 3464 conventum
545 3387 822 3460 Darmstadium.
872 3383 918 3456 D.
937 3381 982 3454 Τ.
1000 3381 1088 3452 honi
1110 3405 1240 3450 consu·
1289 3405 1434 3470 augere,
1469 3379 1639 3472 cupiunt,
1672 3382 1735 3474 qui
1759 3385 1932 3480 denique,
1964 3402 2006 3460 ut
2028 3386 2272 3464 estcharitatis

252 3497 304 3568 lat
337 3517 451 3564 meam
492 3487 688 3563 audaciam.
747 3485 843 3559 Cura
874 3484 1010 3578 patriae
1045 3497 1080 3554 et
1104 3481 1239 3582 liceis·
1288 3479 1441 3567 Christi,
1468 3481 1560 3552 mala
1578 3481 1726 3554 fratrum
1741 3509 1865 3558 sanare
1893 3489 2140 3586 potiusquam
2163 3493 2285 3586 inqui-¹

252 3599 325 3670 siae
358 3619 415 3664 me
448 3593 625 3666 sollicitat.
684 3589 824 3664 Vereor
849 3601 891 3659 ut
924 3584 1038 3657 nostri
1061 3585 1241 3678 principes
1289 3611 1367 3656 rere
1392 3584 1545 3654 student.
1604 3581 1737 3654 Verum
1761 3590 1847 3658 dum
1872 3591 1996 3678 video,
2030 3595 2095 3665 illa
2122 3597 2273 3667 nondum

252 3699 507 3793 perturbentur
534 3695 664 3766 frustra
686 3717 749 3786 per
770 3687 934 3762 homines
952 3691 1124 3784 quosdam
1149 3689 1240 3757 male
1290 3687 1516 3771 satisfecisse,
1551 3687 1718 3756 ¹scribam
1750 3689 1852 3781 plura
1887 3707 1921 3765 et
1948 3695 2137 3786 planiora,
2178 3699 2273 3791 idque

254 3801 477 3884 consiliatos,
523 3821 593 3890 quo
622 3795 742 3865 minus
776 3817 812 3865 se
842 3793 1012 3865 'instituto
1048 3788 1241 3882 conventui
1290 3791 1535 3882 vobiscoram
1560 3785 1718 3860 Domino
1745 3793 1902 3882 affirmo,
1924 3821 2044 3889 neque
2069 3825 2150 3888 me,
2174 3823 2275 3892 neque

253 3905 398 3975 credere
418 3897 556 3983 ausint,
588 3897 697 3992 idque
721 3897 787 3968 toti
812 3895 954 3984 negotio
973 3915 1100 3962 nocere
1119 3891 1242 3984 videa·
1290 3883 1499 3962 Lotherum
1532 3905 1593 3962 aut
1629 3883 1864 3991 Philippum,
1900 3923 2040 3991 neque,
2070 3905 2172 3994 quod
2197 3902 2275 3972 scire

253 4019 323 4076 tur.
357 4001 428 4075 Sed
445 4003 489 4071 de
505 3993 582 4085 his,
608 3999 638 4068 si
656 3998 750 4070 volet
764 3995 1101 4082 Dominus‚coram.
1134 3987 1242 4064 Chri·
1292 3995 1456 4086 equidem
1480 3993 1677 4085 potuerim,
1702 4015 1916 4088 quemquam
1929 3998 2124 4074 Hessicum
2143 4004 2277 4090 cocciq-

252 4123 326 4180 stus
350 4089 384 4178 ιε’
411 4116 526 4174 servet
546 4115 584 4172 et-
605 4100 742 4170 ielicem
764 4101 898 4172 reddat.
958 4099 1148 4188 Argentor.
1166 4097 1243 4188 pri·
1291 4109 1451 4167 natorem
1477 4095 1634 4190 principi
1663 4091 1747 4168 huic
1771 4100 1841 4169 tale
1861 4103 2056 4186 consilium
2080 4107 2200 4180 ullum
2224 4107 2278 4176 de-

254 4211 312 4280 dic
329 4205 477 4282 Calend.
495 4203 592 4276 lunii
611 4198 790 4278 MDXL.
1291 4200 1401 4278 disse,
1440 4210 1501 4268 aut
1531 4191 1663 4268 habere
1689 4193 1903 4273 Christianis
1928 4209 2175 4280 concubinam
2207 4230 2277 4280 cum

853 4343 956 4420 ΒΤ·
979 4349 1127 4420 dediti&
1291 4301 1463 4373 uxoribus
1483 4299 1588 4370 licere
1611 4301 1791 4386 docuisse,
1830 4319 1891 4375 aut
1915 4309 2190 4408 defendgnrlnm
2212 4332 2279 4382 sus-

889 4402 897 4418 '
949 4401 959 4424 ⁸
1130 4403 1138 4420 “
1292 4403 1437 4500 cepisse.
1488 4399 1734 4498 Necunquam
1756 4405 2010 4495 animadverti,
2038 4407 2281 4506 huncprinci·

1292 4531 1372 4598 pem
1390 4503 1551 4574 statuisse
1568 4503 1660 4574 istud
1679 4506 1910 4596 dogma,‘vel
1927 4512 2021 4582 facto
2042 4516 2101 4586 vel
2119 4517 2229 4586 verbo
2249 4514 2281 4582 in

284 4637 499 4658 -----·
535 4601 539 4608 ’
880 4680 886 4691 ,
1293 4604 1488 4678 Ecclesiam
1515 4602 1693 4682 invehere.
1754 4607 1795 4680 Si
1826 4613 1912 4703 quid
1936 4627 2061 4684 autem
2084 4617 2150 4687 ille
2172 4615 2283 4688 fecerit

290 4749 316 4815 l)
334 4744 400 4800 Mu.
419 4747 545 4808 orasset,
558 4737 639 4810 ‘quod
661 4731 824 4791 mendosum
843 4731 940 4787 babeo.
1073 4774 1075 4780 .
1291 4709 1397 4780 affine
1412 4703 1515 4794 huic,
1540 4733 1586 4778 ttn
1603 4731 1721 4794 secus,
1747 4711 1856 4782 malui
1881 4737 1944 4804 ego
1962 4715 2000 4785 id
2018 4723 2124 4812 quod
2139 4717 2291 4790 offendid

287 4829 405 4904 abiet.
425 4827 491 4881 leta
524 4821 865 4896 quodmendosumpnto.
902 4815 1124 4890 lsttrsideliest‚
1141 4817 1188 4874 ubi
1202 4817 1245 4876 val
1293 4812 1374 4882 culo
1391 4833 1464 4879 esse
1481 4811 1592 4900 possit
1606 4823 1720 4901 tegere
1745 4836 1850 4908 quam
1869 4818 2099 4908 praedicare,
2120 4837 2156 4894 eg
2173 4823 2218 4894 ab
2235 4821 2285 4888 in.

272 4948 277 4958 .
321 4897 452 5024 mm
455 4914 501 5020 :eq
504 4890 741 5023 ἑιίιῖιεαῆκηπίι.
758 4899 825 4962 puto
838 4887 997 4960 llegcnoae,
1014 4907 1029 4942 a
1049 4905 1102 4960 qua
1122 4888 1246 4961 proxime
1294 4911 1485 5008 quisitione
1504 4911 1579 4982 eius
1601 4907 1763 4986 homines
1787 4939 1951 5002 avocare,
1977 4945 2093 5014 quam
2116 4949 2195 4994 eam
2220 4922 2286 4994 ull„

291 5052 384 5125 md
405 5051 556 5106 marineus
576 5051 660 5104 minu
679 5043 795 5102 liuberti
817 5043 948 5117 hugueti
964 5043 1097 5120 scriptum
1116 5053 1172 5102 cst:
1205 5043 1246 5100 12.
1295 5025 1395 5108 pacm
1416 5013 1595 5088 adiuvare·
1647 5011 1769 5109 Neque
1789 5018 1885 5088 enim
1909 5015 2117 5096 Christiani
2138 5023 2286 5098 hominis

841 4451 950 4522 Mart.
977 4449 1148 4530 Bucerus.

88 5203 90 5210 y
194 5177 197 5183 ,
265 5197 270 5206 ¹
322 5121 437 5178 varran
511 5121 575 5176 etas.
1295 5131 1365 5198 est,
1396 5113 1506 5186 ullius
1528 5129 1708 5208 peccatum
1733 5117 1933 5212 inquirere,
1964 5125 2041 5194 nisi
2065 5129 2127 5198 cui
2153 5129 2238 5199 velit
2257 5139 2286 5194 et

1296 5220 1422 5290 debeat
1443 5218 1639 5289 remedium
1661 5213 1848 5308 adhibere,
1880 5225 2015 5296 nedum
2036 5230 2135 5302 tanti
2158 5226 2287 5326 princi·

1296 5322 1370 5414 pis,
1396 5344 1467 5414 quo
1485 5320 1664 5392 Dominus
1678 5335 1749 5392 tam
1766 5327 1945 5416 praeclare
1959 5330 2009 5398 ad
2021 5330 2182 5421 gloriam
2198 5353 2288 5404 suam

1297 5435 1332 5496 et
1349 5423 1503 5496 salutem
1530 5423 1654 5518 populi
1679 5425 1735 5496 sui
1762 5449 1975 5520 suspensus
2002 5446 2071 5512 est.
2126 5432 2289 5534 Addunt
