4638 6176
243 247 318 326 aar
744 323 748 334 ,
975 219 1304 324 cauumuu
1354 250 1463 336 nm.
1490 253 1543 350 u.
2018 355 2020 364 ,
2183 273 2241 349 aaa

242 415 290 491 Et
305 414 457 488 Veneris
475 416 574 486 sedat
587 414 766 500 flammas,
790 411 949 510 iramque
964 413 1142 488 furentem
1583 491 1585 495 ,
1651 423 1725 502 Ad.
1734 433 1818 504 10„
1829 453 1911 506 am,

292 515 469 612 Spiritus,
493 531 528 588 et
543 529 663 588 sancto
680 517 787 586 corda
801 518 937 608 pudore
952 517 1052 609 regit.

242 621 349 693 Nulla
367 645 455 712 puer
468 635 624 691 mentem
641 619 817 687 infirmam
832 633 971 712 peccata
987 619 1180 704 retardent,

269 737 272 746 ’
292 723 348 794 Ne
366 723 507 794 veniam
523 733 638 816 speret
655 721 713 790 vel
728 735 845 813 petere
862 723 954 793 ausit
968 747 1085 816 opem.

244 824 371 916 Erigat
386 837 426 896 ut
438 836 639 917 peccatores
655 847 695 893 ac
712 835 826 893 servet
843 821 951 912 lesus,

293 926 327 999 E
343 927 452 1021 patris
466 926 505 996 in
520 939 632 996 terras
648 937 791 1005 venerat
806 925 867 994 ille
884 927 978 1002 sinu.

243 1029 376 1124 Meque
392 1053 475 1099 suae
489 1029 574 1099 lecit
587 1027 764 1118 specimen
780 1027 969 1117 bonitatis,
995 1041 1037 1100 ut
1052 1023 1164 1114 aegris

294 1128 454 1202 Adderet
467 1130 627 1220 exemplo
646 1153 812 1223 spemque
829 1133 1061 1225 animumque
1074 1152 1165 1201 meo.

243 1233 381 1306 Inscius
397 1235 537 1326 impura
554 1233 716 1324 quamvis
733 1232 889 1304 convitia
905 1233 1026 1324 lingua

294 1335 469 1406 Dixissem
485 1335 523 1402 in
539 1327 675 1404 Christi
692 1335 856 1422 dogmata
872 1361 954 1406 vera
971 1333 1069 1407 honi.

243 1436 478 1530 Cultoresque
495 1435 566 1506 Dei
583 1433 678 1504 ferro
695 1436 855 1526 iugulare
873 1439 1033 1522 solerem,
1165 1459 1170 1484 ¹
1315 1450 1382 1524 No,
1410 1451 1471 1528 89,
2071 1462 2132 1561 (m.
2146 1465 2233 1560 1527.)

294 1537 342 1612 Εἰ
358 1539 516 1630 gererem
531 1553 653 1608 contra
672 1562 746 1608 uon
762 1538 842 1631 pius
858 1537 1095 1634 armaDeum.
1189 1633 1192 1641 .
1291 1547 1502 1592 Μ
2061 1563 2241 1600 Μ

1219 586 1222 590 ’
1285 568 1389 641 Nunc
1404 573 1449 641 de
1466 573 1653 668 syderibus
1669 579 1821 675 latisque
1835 583 2039 674 regentibus
2053 587 2164 658 orbem

1286 669 1499 763 Minguitiae
1515 679 1621 748 decus
1636 694 1687 750 est
1704 685 1817 772 gentis
1831 686 1991 756 dicturus
2007 684 2174 777 Erasmus,

1286 771 1403 863 Quem
1422 789 1456 846 te
1475 775 1561 848 lona
1579 782 1684 853 etiam
1702 788 1847 874 prodest
1863 788 2008 874 audire,
2033 803 2158 885 tuoque

1287 873 1420 948 Officio
1438 883 1594 950 studium
1611 884 1770 956 iuvenile
1786 893 1976 960 accendere
1992 896 2171 983 quondam,
2287 909 2288 922 ¹

1285 975 1335 1049 Et
1351 1003 1496 1071 parvam
1512 981 1636 1054 lonam
1652 985 1702 1056 sie
1718 989 1839 1060 audiet
1854 990 1916 1061 ille
1931 993 2084 1064 vicissim

1288 1077 1400 1175 ldque
1416 1077 1484 1154 hoc
1500 1110 1565 1178 pro
1583 1089 1712 1160 merito
1729 1091 1796 1162 tibi
1812 1115 1849 1163 se
1865 1095 1994 1165 debere
2011 1096 2153 1190 putabit.

1298 1303 2249 1336 Μ

1356 1664 1432 1740 Opp.
1448 1669 1510 1729 Bar.
1524 1670 1558 1726 T.
1570 1671 1603 1730 V.
1616 1674 1710 1744 psas.
1747 1674 1827 1733 Viuo.
1839 1697 1867 1752 p.
1880 1677 1940 1736 2³6.

485 1725 491 1738 ‘
572 1711 623 1778 Ex
644 1715 775 1777 secundo
798 1718 907 1798 eapite.

241 1855 324 1928 Non
339 1852 458 1922 animo
475 1849 615 1942 placido
633 1849 783 1920 tolerare
801 1861 861 1918 aut
878 1859 1018 1940 pectore
1033 1849 1131 1935 lorti,
1271 1907 1278 1920 ,
1325 1908 1328 1914 .
1652 1833 1714 1907 Ad
1738 1841 1762 1908 I
1765 1861 1910 1911 onam.

255 1987 259 1998 ’
293 1953 472 2028 Adversos
488 1975 586 2021 casus
603 1952 712 2044 impia
727 1952 832 2020 turba
850 1964 974 2041 potest.

243 2059 321 2132 lam
337 2056 498 2152 queritur
513 2077 588 2124 non
602 2045 679 2122 'esse
693 2051 770 2124 Deo
786 2053 949 2123 mortalia
963 2076 1080 2136 curae,

294 2155 413 2253 Atque
426 2153 616 2226 hominum
631 2155 748 2225 audiri
765 2167 846 2224 vota
863 2169 1182 2254 precesque'negat.

111 2241 118 2258 ⁸
242 2264 319 2336 lam
334 2286 409 2332 non
425 2261 532 2348 digua
546 2260 662 2328 bonos
677 2252 915 2327 stomachatur
930 2259 1040 2343 ferre,
1064 2257 1208 2350 patique

226 2351 228 2360 .
289 2363 338 2436 Et
350 2387 424 2432 non
440 2359 566 2430 virtuti
580 2359 735 2453 praemia
750 2357 840 2428 iusta
856 2357 945 2428 dari.

241 2469 324 2540 Non
340 2466 446 2535 etiam
459 2475 636 2553 aegrotam
650 2485 711 2554 spe
726 2466 878 2530 mentem
895 2459 1077 2546 sublevat,
1096 2473 1131 2532 et
1147 2484 1221 2530 non

254 2609 261 2620 ,
290 2566 477 2640 Auxilium
493 2563 632 2634 miseris
648 2563 797 2634 numina
812 2563 904 2632 serre
922 2577 1034 2655 putat.

241 2671 348 2746 Fessa
361 2669 483 2738 labore
499 2667 602 2756 fugae
618 2667 833 2760 longinquae
847 2662 1012 2736 Hebraea
1027 2665 1200 2736 fremebat

294 2771 393 2844 Gens
409 2769 449 2839 in
468 2763 624 2840 idumeis
639 2769 725 2840 talia
738 2791 840 2860 saepe
854 2767 957 2857 iugis

240 2871 291 2948 At
307 2898 370 2945 vos
384 2885 419 2942 et
433 2896 540 2964 puras
556 2873 601 2941 ad
617 2871 755 2941 coelum
771 2871 916 2940 tendere
934 2869 1066 2960 palmas
1726 2877 1835 2948 Anna,

293 2976 431 3056 Vultis,
457 2988 491 3044 et
504 2974 660 3044 adversis
675 2995 842 3067 quaerere
859 2972 965 3041 rebus
980 2993 1095 3062 opem.

240 3077 404 3172 Namque
419 3074 523 3146 malis
538 3075 691 3145 nimium
706 3075 896 3164 indulgens
909 3075 1051 3144 fortuna
1064 3071 1233 3158 minatur,

290 3179 452 3254 Exitium
470 3179 602 3272 populo
619 3177 719 3248 triste
730 3191 902 3270 ‘paratque
916 3173 995 3247 Dei.

1388 1979 1501 2052 Nobis
1518 2007 1665 2056 munera
1682 2001 1779 2078 grata
1795 2004 1879 2060 scant
1896 1989 1983 2062 lona

1388 2081 1491 2172 Quae
1508 2101 1632 2157 nostro
1648 2091 1800 2181 populo,
1826 2088 1986 2187 mihique
2002 2095 2126 2177 mittis,

1387 2183 1477 2256 Nam
1494 2203 1578 2260 sunt
1592 2191 1741 2280 pignora
1757 2195 1887 2266 mentis
1905 2191 1992 2268 haec
2007 2199 2151 2282 amicae,

1389 2283 1549 2379 Optahat
1564 2293 1630 2362 sibi
1645 2291 1807 2388 Zopyros
1821 2310 1872 2367 tot
1890 2321 1975 2385 esse,

1340 2437 1345 2447 ι
1387 2388 1488 2460 Duco
1505 2394 1635 2464 cortice
1649 2399 1820 2485 punicum
1835 2395 1863 2495 ¹)
1880 2417 1967 2493 quot
1982 2400 2084 2474 intus

1389 2489 1528 2564 Malum
1547 2517 1654 2586 grana
1671 2499 1775 2588 tegit,
1799 2498 1931 2572 Darius
1947 2505 2052 2590 olim,
2287 2541 2288 2580 t

1386 2589 1435 2664 Et
1449 2596 1518 2666 lido
1535 2595 1624 2667 mihi
1641 2602 1794 2690 gratiora
1812 2605 1936 2688 arnico,
2287 2581 2288 2664 l

1386 2693 1488 2784 Quae
1503 2699 1575 2772 siut
1590 2725 1738 2774 munera
1755 2707 1854 2776 nulla
1869 2707 1961 2777 lerre
1977 2731 2134 2798 possum.

1283 3017 1366 3089 Non
1382 3020 1571 3092 duraturas
1586 3035 1718 3093 stamas
1733 3039 1767 3094 et
1781 3049 1957 3114 marmora
1973 3035 2164 3125 quondam,

1335 3117 1546 3192 Caesaribus
1560 3127 1705 3196 dederat
1722 3127 1853 3199 Martia
1872 3129 1988 3202 Roma
2006 3136 2092 3209 suis.

1285 3221 1379 3295 Sunt
1396 3219 1485 3294 mihi
1498 3240 1595 3314 grata
1611 3229 1721 3317 magis
1736 3231 1863 3300 statuis
1875 3247 1910 3303 et
1925 3259 2122 3321 marmore,
2146 3231 2229 3306 amici

1338 3324 1483 3408 Pectore
1502 3327 1638 3398 sincero
1655 3331 1914 3428 qualiacunque
1931 3337 2083 3414 dabunt.

125 3563 127 3568 ’
242 3572 389 3651 mu
644 3638 649 3656 q
1012 3575 1233 3660 mmm

1013 3669 1227 3706 Μ

1310 3697 1376 3773 Νο.
1393 3697 1454 3771 90.
1708 3727 1714 3740 “
1824 3723 1825 3728 ’
2058 3701 2247 3804 (en.1527.?)

311 3793 343 3846 lu
362 3808 428 3874 opp.
447 3788 507 3844 Bas.
526 3785 559 3842 t·
571 3785 603 3844 V.
624 3783 720 3858 past.
740 3794 766 3840 et
785 3785 857 3898 apud
877 3783 957 3844 Vitae.
977 3789 1072 3860 ptos.
1113 3789 1184 3847 ltem
1202 3791 1233 3849 in
1291 3793 1463 3824 Μ
2059 3811 2240 3848 Μ

343 3859 459 3931 Scriptis
474 3857 578 3930 publta·
592 3856 626 3910 Τ.
637 3855 688 3913 ΙΙΙ.
707 3871 736 3926 p.
744 3855 798 3910 270
824 3892 833 3910 .
1354 3915 1427 3986 opp·
1440 3913 1502 3970 Bu.
1517 3913 1551 3971 Τ.
1562 3913 1595 3973 ν.
1607 3935 1634 3990 p·
1644 3915 1706 3976 358·
1738 3919 1865 3978 vincent·
1880 3921 1978 3993 μω

1506 4073 1733 4152 castrans.
1760 4027 2064 4180 (catastam.)

1285 4221 1381 4295 Dum
1401 4249 1478 4294 mea
1496 4223 1756 4301 Grammaticae
1773 4247 1921 4304 conatur
1934 4238 2085 4308 reddere
2100 4240 2213 4318 lucem,
2287 4293 2288 4310 ,

1335 4323 1565 4422 Detergitque
1578 4343 1693 4400 atrum
1709 4335 1831 4404 sedula
1846 4360 1928 4406 cura
1943 4338 2064 4415 situm.

1203 4433 1214 4464 '
1284 4426 1450 4521 Dumque
1464 4423 1531 4500 hoc
1548 4431 1729 4521 ingenium
1745 4449 1862 4506 vestro
1877 4440 2026 4511 desudat
2041 4435 2177 4524 honori,

1334 4526 1384 4601 Et
1399 4532 1513 4600 nostri
1528 4534 1629 4604 vobis
1645 4559 1725 4626 pars
1739 4531 1905 4610 Chiliene
1921 4557 2042 4615 meret.

1285 4631 1426 4722 Quaeso
1441 4629 1530 4702 mihi
1546 4635 1698 4705 nitidam
1713 4641 1902 4711 scribendo
1918 4643 2050 4715 mittite
2064 4637 2227 4718 Charton,

1336 4733 1426 4804 Fida
1441 4755 1536 4803 meas
1551 4751 1664 4808 servet
1679 4763 1769 4830 quae
1783 4755 1969 4836 teneatque
1983 4760 2101 4818 notas.

1283 4836 1425 4928 Lipsica
1439 4828 1477 4928 *)
1496 4837 1613 4929 qualis
1629 4852 1704 4911 erat
1717 4842 1850 4914 calamo
1865 4859 1919 4915 sat
1935 4847 2036 4918 firma
2052 4844 2183 4927 terenti,

1333 4935 1383 5008 Et
1396 4961 1466 5032 qua
1483 4962 1557 5008 non
1573 4953 1702 5012 temere
1717 4945 1811 5036 sepia
1825 4947 1923 5038 nigra
1939 4949 2038 5022 fluat.

1282 5037 1375 5109 Nam
1393 5063 1462 5132 qua
1480 5065 1575 5111 nnnc
1590 5058 1672 5114 utor
1686 5045 1790 5116 solita
1806 5061 1856 5118 est
1872 5051 2093 5120 confundere
2108 5047 2230 5136 scripta
2287 5067 2288 5148 l

1334 5139 1522 5236 Dignaque
1537 5157 1612 5215 erat
1625 5157 1763 5218 tantum
1778 5149 1938 5222 versibus
1954 5152 2014 5222 illa
2034 5153 2114 5222 tuis.
2287 5159 2288 5162 ’

390 4001 394 4009 ’
504 4109 507 4118 „
607 4013 669 4092 Aa
693 4021 864 4088 ronam.

242 4172 354 4261 Perge
366 4163 459 4240 mihi
472 4166 577 4242 Latio
594 4189 756 4238 sermone
771 4189 945 4260 exponere
960 4165 1059 4253 lona,

292 4271 528 4364 Cecropidum
546 4270 584 4339 in
600 4271 718 4340 medio
735 4270 884 4340 crimina
899 4272 991 4342 dicta
1006 4275 1096 4358 loro,

241 4371 292 4447 Et
307 4375 438 4468 quibus
454 4373 631 4442 insontem
646 4368 885 4443 Demosthene
902 4375 1074 4466 proscidit
1090 4370 1202 4449 hostis

294 4475 456 4548 Ausonia
469 4476 573 4544 uobis
589 4475 702 4564 iurgia
720 4497 806 4544 voce
821 4475 923 4546 refer.

241 4577 325 4651 Non
341 4579 465 4668 ignava
484 4578 609 4646 decent
622 4599 807 4666 generosas
823 4578 900 4647 ocia
917 4589 1062 4658 mentes,

294 4679 543 4772 Virtutemque
560 4701 639 4747 acer
655 4679 779 4760 durat,
806 4679 939 4774 alitque
956 4679 1068 4750 labor.

241 4779 337 4873 Ergo
354 4803 478 4874 operas
494 4779 620 4850 studiis
635 4779 745 4849 socias
762 4781 946 4872 adiungito
961 4784 1103 4870 uostris,

292 4883 412 4976 Atque
426 4883 582 4976 aliquam
600 4895 735 4974 partem
749 4883 887 4954 viribus
902 4885 993 4955 adde
1008 4887 1107 4959 meis.

246 5211 418 5344 &Q
1015 5225 1233 5310 mmm

1011 5315 1226 5359 Μ
1319 5357 1347 5423 l)
1369 5355 1429 5411 Bar.
1444 5358 1602 5423 annaeum.

308 5429 382 5504 Opp.
399 5429 459 5487 Bar.
475 5427 509 5484 Τ.
523 5429 557 5485 V.
569 5447 596 5502 p.
605 5427 664 5487 8⁵⁷.
698 5429 827 5490 vincent.
846 5431 943 5504 pall.
1319 5440 1351 5510 *J
1371 5439 1452 5497 Basil.
1469 5441 1563 5496 Lr‘ma.
