4638 6172
491 1291 876 1388 CARMINUM
918 1287 1099 1376 Pttlh.
1141 1285 1303 1373 ΜΕΙ..
1346 1282 1564 1370 LIBER
1606 1285 1669 1370 tt.

180 1495 506 1568 coacturus
534 1494 605 1560 us
636 1489 912 1576 canutus,
955 1485 1097 1570 ouxu
1126 1485 1193 1550 an
1221 1480 1376 1549 anuo
1407 1477 1975 1556 1527-1540.sctttt²stt'.

957 1707 1231 1729 *ιι-ὀ*

863 1937 929 2020 (ι...
942 1935 1053 2018 1527.)

874 2025 1046 2059 Μ

74 1943 224 2068 Q

131 2165 162 2220 lo
175 2181 242 2238 opp.
253 2159 314 2218 Bas.
328 2157 363 2214 Τ.
373 2157 410 2218 V.
424 2175 452 2230 p.
459 2155 512 2212 2⁴0
525 2163 552 2209 st
563 2149 636 2225 apud
650 2148 731 2204 Virc.
744 2163 773 2220 p.
785 2144 826 2199 19.

70 2329 235 2402 Protinus
254 2323 339 2396 17..·
371 2320 492 2494 „Guspp
514 2315 743 2487 oiomprsm,
772 2300 973 2380 exaudivit
993 2321 1055 2372 me

140 2440 145 2453 '
492 2412 587 2492 esss”
603 2439 622 2489 e
640 2438 670 2490 o.

70 2581 237 2674 Quamvis
253 2580 341 2650 dura
355 2575 487 2658 feram,
511 2584 631 2642 tamen
646 2578 792 2658 estpars
809 2573 902 2632 certa
918 2555 1054 2640 salutis,

112 2683 158 2758 Et
175 2683 274 2754 videt
289 2677 469 2760 adflictos,
494 2686 529 2742 et
541 2671 640 2740 iuvat
655 2669 730 2760 ipse
743 2663 863 2736 DRUS.

69 2785 143 2860 Non
162 2787 292 2876 igitur,
315 2779 399 2874 quia
415 2800 471 2846 me
483 2776 628 2844 fortuna
645 2779 780 2840 exercet
796 2763 932 2858 iniqua,

112 2887 232 2958 Dicite
246 2908 303 2954 me
318 2877 475 2953 Domino
491 2873 713 2966 displicuisse
729 2891 820 2940 meo.

68 2987 186 3082 Eriget
201 2985 288 3057 haec
304 2985 399 3054 inter
414 2979 505 3048 mala
523 3000 590 3046 nos
604 2988 705 3068 pater
722 2969 896 3062 optimus,
923 2979 1028 3058 atque

115 3089 273 3182 Aspicict
288 3087 480 3178 lacrymas,
506 3077 723 3169 accipietqne
738 3091 869 3164 preces.

68 3191 111 3268 Et
123 3217 243 3264 rerum
262 3187 417 3262 Domino
435 3206 540 3252 nemo
557 3187 758 3248 succenseat
771 3191 942 3265 unquam,

114 3292 301 3368 Auxilium
317 3285 487 3383 quoniam
503 3281 645 3352 differat
661 3277 721 3346 ille
736 3275 815 3344 diu:

69 3399 132 3472 Sed
152 3407 264 3490 petat,
291 3415 331 3462 ac
346 3397 501 3479 expectet
515 3407 633 3476 opem:
660 3379 710 3449 sic
725 3361 845 3446 mollia
860 3373 965 3441 durat

114 3499 280 3578 Pectora,
306 3493 365 3563 sed
383 3509 567 3581 nunquam
583 3481 712 3553 deserit
727 3479 789 3548 illa
806 3473 924 3546 Deus,

67 3599 109 3674 Et
126 3620 341 3696 quamquam
355 3615 455 3662 mora
470 3591 576 3678 longa
593 3584 656 3672 sit,
680 3596 715 3653 et
730 3577 855 3648 solatia
871 3573 987 3644 nnlla:

115 3701 246 3796 Qualia
263 3697 419 3767 mundus
435 3703 546 3774 amat,
571 3709 713 3758 cernere
731 3679 968 3774 possedetur:

68 3803 118 3878 Te
135 3801 305 3898 promissa
321 3812 438 3868 tamen
453 3803 611 3864 recreent
625 3783 805 3865 coelestia,
831 3781 943 3848 donec

117 3907 253 4000 impius
269 3897 328 3976 hic
343 3897 499 3968 mundus
514 3891 641 3986 gandia
659 3886 793 3958 ventris
806 3878 923 3954 habet.

66 4101 1055 4150 .....-----—-----

882 4297 932 4341 sn.
951 4273 1047 4342 1527.

878 4365 1051 4396 Μ

79 4301 148 4374 No.
161 4293 225 4368 79.

73 4389 247 4426 ..μυ

132 4513 165 4568 ls
166 4505 321 4636 13⁹5?ss
327 4501 383 4644 'Ti’
378 4497 455 4626 qu
463 4495 523 4553 ttt.
538 4503 565 4552 et
576 4491 648 4566 apud
662 4489 790 4552 vincent.
808 4505 836 4561 p.
848 4488 888 4544 19.
912 4487 957 4545 Ci.
971 4487 1055 4562 Epist.

199 4599 214 4635 e
306 4609 391 4632 ...
453 4607 461 4626 .

66 4743 241 4818 Pessimus
263 4737 359 4810 oxa
397 4730 546 4823 „Dicit
567 4727 751 4799 Dominus
774 4721 934 4793 Domino
944 4711 966 4743 ”
990 4723 1057 4794 stc.

65 4895 135 4970 Dat
147 4891 309 4966 Domino
323 4907 417 4956 nova
432 4903 539 4971 regna
552 4903 632 4948 meo
647 4889 749 4970 pater
763 4873 917 4966 optimus
925 4923 937 4959 ,
966 4871 1021 4960 illi

66 4998 183 5090 Quem
196 4987 286 5064 mihi
304 4983 467 5083 promisit
480 4995 671 5052 venturum
686 4980 731 5048 ab
746 4977 883 5066 origine
899 4987 1032 5062 nostra,

66 5097 113 5174 Et
128 5099 248 5170 delere
265 5093 365 5164 iubet
378 5099 523 5158 cunctos
536 5082 599 5178 qui
616 5095 708 5152 recta
726 5091 933 5149 monentem

65 5201 319 5274 Contemnent:
346 5189 464 5280 Regni
481 5185 634 5279 primurn
651 5181 775 5254 Sionis
793 5201 898 5271 rupes
938 5267 944 5274 .

1104 1923 1213 1997 Hunc
1235 1925 1349 2010 volet,
1375 1925 1451 2020 ipss
1471 1937 1589 1996 tamen
1611 1940 1776 2017 superato
1793 1951 1835 1999 ex
1850 1923 1951 2004 hoste
1967 1933 2097 2008 triom-
2133 1927 2142 1944 '

1329 2061 1342 2100 s
1619 2023 1731 2119 phum

1105 2129 1236 2200 Laetus
1250 2142 1346 2218 aget,
1371 2129 1579 2222 mediosque
1596 2127 1691 2201 inter
1703 2131 1950 2206 dominabitur
1965 2131 2098 2216 hostes

1106 2227 1161 2302 Ac
1174 2244 1216 2303 ut
1230 2228 1321 2301 Vere
1337 2254 1433 2302 novo
1449 2230 1605 2302 tenebris
1619 2255 1700 2302 cum
1713 2233 1809 2304 forts
1817 2239 1963 2309 remotis

1106 2331 1218 2404 Mane
1233 2355 1361 2403 aurora
1377 2333 1472 2404 diem
1486 2333 1609 2419 nobis,
1635 2333 1821 2430 lucemque
1834 2341 1983 2428 reducit,
2101 2317 2104 2322 ¹

1105 2432 1271 2506 Effundit
1288 2457 1405 2504 rorem
1420 2435 1554 2527 campis
1568 2435 1769 2508 sitientibus
1782 2434 1920 2512 aether:

1106 2533 1275 2630 Undique
1289 2540 1339 2606 sic
1356 2536 1506 2607 veniunt
1523 2538 1568 2606 ad
1581 2537 1674 2626 regia
1691 2539 1790 2629 signa
1805 2555 1978 2632 catervae,

1105 2637 1276 2732 Undique
1299 2650 1334 2708 et
1355 2651 1545 2728 agnoscent
1560 2637 1776 2726 Dominum,
1801 2645 2029 2741 monitusque
2043 2675 2099 2722 se-

1616 2757 1783 2832 quentnr.

1017 2927 1022 2934 ι
1106 2838 1172 2910 llle
1186 2839 1264 2933 pios
1279 2838 1373 2908 inter
1391 2851 1462 2908 tam
1478 2839 1589 2910 multa
1609 2843 1766 2932 pericula
1783 2843 1877 2916 vitae

1105 2941 1289 3032 Protegat,
1315 2955 1350 3012 et
1365 2940 1493 3012 mortis
1507 2941 1629 3012 feralia
1645 2943 1722 3013 iura
1737 2945 1885 3035 fugabit.

1105 3043 1175 3116 Sed
1193 3069 1267 3114 non
1282 3055 1416 3133 sceptra
1431 3045 1538 3114 modo
1553 3058 1648 3134 geret
1663 3045 1742 3132 ille,
1768 3062 1801 3118 et
1815 3049 1907 3140 regis
1923 3046 2094 3132 honores:

1105 3144 1255 3240 Nanquc
1272 3145 1463 3216 sacerdotis
1477 3146 1605 3214 summi
1615 3170 1767 3242 quoque
1781 3175 1911 3224 munus
1926 3157 2040 3231 obibit

1105 3247 1310 3340 lratumque
1326 3258 1462 3338 patrem
1478 3247 1584 3317 nobis
1599 3249 1768 3339 placabit,
1795 3267 1830 3325 ct
1842 3278 1937 3328 unus
2041 3216 2052 3246 ’

1105 3345 1236 3420 Orabit
1250 3348 1389 3419 miseris
1403 3348 1544 3418 veniam
1562 3351 1792 3439 mortalibus,
1804 3343 1923 3450 'atque

1103 3451 1259 3522 Victima
1275 3449 1343 3520 erit
1356 3473 1421 3541 pro
1435 3450 1573 3521 delictis
1586 3453 1783 3541 gratissima
1800 3459 1942 3536 nostris.

1103 3553 1178 3625 Nec
1194 3553 1306 3623 veteri
1323 3551 1396 3624 ritu
1412 3553 1560 3642 pecudes
1574 3555 1742 3627 mactabit
1755 3560 1800 3628 ad
1815 3583 1905 3648 aras,

1105 3655 1222 3745 Quem
1240 3668 1338 3744 pater
1354 3655 1398 3722 ad
1415 3677 1511 3724 seros
1526 3651 1627 3724 Aron
1641 3657 1780 3729 misisse
1795 3677 1942 3754 nepotes

1106 3757 1296 3840 Traditur,
1318 3767 1380 3825 aot
1396 3755 1500 3824 vituli
1513 3771 1719 3848 consperget
1733 3783 1813 3833 sara
1830 3787 1968 3852 cruore,

1107 3856 1182 3930 Aut
1197 3858 1384 3928 metuende
1400 3870 1501 3946 pater
1513 3859 1602 3927 salsa
1618 3859 1686 3930 tibi
1703 3861 1803 3952 fruge
1817 3865 1944 3942 litabit.

1106 3959 1188 4031 Non
1203 3959 1333 4030 etenim
1349 3958 1478 4028 offensi
1490 3958 1654 4032 flectebat
1669 3965 1830 4034 numinis
1844 3967 1934 4038 iram

1107 4061 1208 4132 Talis
1223 4057 1355 4132 honor:
1381 4059 1486 4130 faciet
1500 4076 1622 4132 noster
1636 4087 1727 4134 nova
1742 4090 1838 4138 sacra
1851 4069 2032 4146 Sacerdos.

1106 4161 1156 4235 Et
1168 4163 1266 4234 velut
1280 4157 1477 4232 Abramum
1491 4184 1653 4235 successu
1668 4166 1784 4238 caedis
1797 4185 1975 4258 ovantem,
2025 4213 2042 4220 ··

1107 4263 1295 4358 Raptaque
1310 4266 1354 4334 de
1368 4263 1470 4334 victis
1482 4265 1594 4355 spolia
1609 4262 1768 4338 hostibus
1782 4271 1897 4362 ampla
1911 4273 2081 4350 ferentem

1107 4361 1367 4450 Melchisedec,
1393 4365 1511 4456 parvis
1525 4365 1681 4461 Solymis
1695 4369 1756 4461 qni
1773 4393 1879 4460 regna
1896 4378 2036 4451 tenebar

1106 4466 1265 4559 Excipit,
1289 4480 1324 4537 et
1339 4482 1435 4556 grata
1449 4465 1616 4538 victorem
1632 4493 1716 4537 voce
1732 4471 1872 4561 salutat,
2035 4435 2047 4466 ’

1108 4568 1227 4664 Atque
1244 4569 1320 4638 viro
1336 4567 1533 4652 benedicit,
1558 4581 1594 4640 et
1607 4571 1726 4641 omnia
1741 4587 1839 4666 cepta
1853 4583 2007 4652 secunda

1107 4669 1194 4744 Esse
1209 4671 1326 4754 iubet,
1352 4693 1416 4738 nec
1432 4683 1553 4753 erunt,
1579 4670 1714 4764 inquit,
1740 4690 1859 4748 nostra
1874 4680 1974 4754 irrita
1990 4699 2070 4758 vota

1108 4771 1296 4866 Adprobat
1310 4772 1375 4842 ista
1390 4767 1506 4856 Deus,
1531 4771 1594 4864 qui
1608 4785 1642 4842 te
1655 4789 1859 4872 servatque,
1883 4783 2058 4878 regitque:
2073 4744 2084 4772 ⁹

1108 4877 1213 4947 Talia
1229 4899 1293 4968 pro
1312 4873 1416 4943 nobis
1431 4872 1535 4944 taeter
1550 4897 1691 4970 quoque
1704 4891 1785 4950 vota
1800 4885 1964 4956 sacerdos

1108 4977 1257 5064 Noster,
1278 4989 1319 5046 ut
1332 4971 1483 5044 humani
1500 4975 1638 5066 generis
1651 4977 1743 5048 mala
1757 4980 1930 5072 plurima,
1954 5011 2074 5064 rerum

1108 5079 1287 5152 Conditor
1302 5080 1377 5170 ipse
1393 5075 1504 5162 levet,
1530 5078 1736 5172 miserisque
1751 5096 1864 5154 errata
1879 5089 2031 5166 remittet

1108 5179 1158 5255 Et
1174 5203 1357 5276 nunquam
1372 5180 1543 5250 moritura
1558 5203 1671 5250 novae
1685 5181 1746 5252 det
1759 5187 1887 5272 gaudia
1907 5190 2010 5266 vitae.
2033 5149 2044 5180 ³

68 5301 276 5394 Auspicium
290 5295 470 5368 estvisura
482 5289 582 5372 novi,
607 5281 666 5355 hic
676 5285 738 5356 ubi
749 5283 863 5373 gentis
872 5279 1058 5354 Hebraeae
1110 5284 1184 5356 Nec
1199 5308 1283 5354 vero
1299 5295 1481 5352 aeternum
1497 5305 1594 5352 mors
1609 5281 1710 5354 finiet
1725 5277 1832 5356 huius
1847 5282 2037 5368 honorem:

67 5403 178 5498 lmpia
195 5399 379 5497 posteritas
395 5393 564 5466 scelerato
581 5389 784 5478 extinguere
801 5385 897 5456 icrro

1111 5383 1238 5473 Vivet,
1264 5397 1300 5457 st
1313 5385 1387 5497 ipse
1403 5407 1468 5456 suo
1485 5383 1652 5558 ipppetur
1666 5408 1812 5459 munere
1826 5411 1975 5484 semper,
