<?xml version="1.0" encoding="UTF-8"?>
<!DOCTYPE html PUBLIC "-//W3C//DTD XHTML 1.0 Transitional//EN"
    "http://www.w3.org/TR/xhtml1/DTD/xhtml1-transitional.dtd">
<html xmlns="http://www.w3.org/1999/xhtml" xml:lang="en" lang="en">
 <head>
  <title>
</title>
<meta http-equiv="Content-Type" content="text/html;charset=utf-8" />
  <meta name='ocr-system' content='tesseract 3.04.00' />
  <meta name='ocr-capabilities' content='ocr_page ocr_carea ocr_par ocr_line ocrx_word'/>
</head>
<body>
  <div class='ocr_page' id='page_1' title='image "./philippimelanth10bindgoog_0340.png"; bbox 0 0 4638 6176; ppageno 0'>
   <div class='ocr_carea' id='block_1_1' title="bbox 171 211 346 344">
    <p class='ocr_par' dir='ltr' id='par_1_1' title="bbox 171 211 346 344">
     <span class='ocr_line' id='line_1_1' title="bbox 171 211 346 344; baseline 0.011 -18"><span class='ocrx_word' id='word_1_1' title='bbox 171 319 173 326; x_wconf 85' lang='grc'><em>,</em></span> <span class='ocrx_word' id='word_1_2' title='bbox 234 211 346 344; x_wconf 54' lang='lat' dir='ltr'><strong>sas,</strong></span> 
     </span>
    </p>
   </div>
   <div class='ocr_carea' id='block_1_2' title="bbox 236 425 1156 810">
    <p class='ocr_par' dir='ltr' id='par_1_2' title="bbox 236 425 1156 810">
     <span class='ocr_line' id='line_1_2' title="bbox 236 425 1065 522; baseline -0.004 -23"><span class='ocrx_word' id='word_1_3' title='bbox 236 427 282 499; x_wconf 93' lang='lat' dir='ltr'><strong>ln</strong></span> <span class='ocrx_word' id='word_1_4' title='bbox 298 429 399 499; x_wconf 90' lang='lat' dir='ltr'><strong>cunis</strong></span> <span class='ocrx_word' id='word_1_5' title='bbox 413 453 559 500; x_wconf 87' lang='lat' dir='ltr'><strong>examen</strong></span> <span class='ocrx_word' id='word_1_6' title='bbox 576 451 703 522; x_wconf 87' lang='lat' dir='ltr'><strong>apum,</strong></span> <span class='ocrx_word' id='word_1_7' title='bbox 728 451 812 498; x_wconf 91' lang='lat' dir='ltr'><strong>nam</strong></span> <span class='ocrx_word' id='word_1_8' title='bbox 828 425 945 497; x_wconf 92' lang='lat' dir='ltr'><strong>dulcia</strong></span> <span class='ocrx_word' id='word_1_9' title='bbox 960 427 1065 496; x_wconf 87' lang='lat' dir='ltr'><strong>mella</strong></span> 
     </span>
     <span class='ocr_line' id='line_1_3' title="bbox 261 529 1156 624; baseline -0.002 -22"><span class='ocrx_word' id='word_1_10' title='bbox 261 607 264 614; x_wconf 62' lang='grc'><em>,</em></span> <span class='ocrx_word' id='word_1_11' title='bbox 291 531 477 620; x_wconf 69' lang='lat' dir='ltr'><strong>Finierat,</strong></span> <span class='ocrx_word' id='word_1_12' title='bbox 503 529 572 604; x_wconf 90' lang='lat' dir='ltr'><strong>hoc</strong></span> <span class='ocrx_word' id='word_1_13' title='bbox 584 549 753 624; x_wconf 80' lang='lat' dir='ltr'>tanquam</span> <span class='ocrx_word' id='word_1_14' title='bbox 768 554 848 600; x_wconf 89' lang='lat' dir='ltr'><strong>rore</strong></span> <span class='ocrx_word' id='word_1_15' title='bbox 865 529 995 599; x_wconf 83' lang='lat' dir='ltr'><strong>labella</strong></span> <span class='ocrx_word' id='word_1_16' title='bbox 1011 531 1156 622; x_wconf 77' lang='lat' dir='ltr'><strong>rigans!</strong></span> 
     </span>
     <span class='ocr_line' id='line_1_4' title="bbox 239 631 1013 716; baseline -0.005 -8"><span class='ocrx_word' id='word_1_17' title='bbox 239 633 278 708; x_wconf 87' lang='lat' dir='ltr'><strong>Si</strong></span> <span class='ocrx_word' id='word_1_18' title='bbox 294 649 328 706; x_wconf 87' lang='lat' dir='ltr'><strong>te</strong></span> <span class='ocrx_word' id='word_1_19' title='bbox 344 632 513 707; x_wconf 78' lang='lat' dir='ltr'><strong>Vincenti</strong></span> <span class='ocrx_word' id='word_1_20' title='bbox 528 637 705 706; x_wconf 81' lang='lat' dir='ltr'><strong>delectant</strong></span> <span class='ocrx_word' id='word_1_21' title='bbox 720 634 826 704; x_wconf 90' lang='lat' dir='ltr'><strong>mella</strong></span> <span class='ocrx_word' id='word_1_22' title='bbox 841 631 1013 716; x_wconf 79' lang='lat' dir='ltr'><strong>Platonis,</strong></span> 
     </span>
     <span class='ocr_line' id='line_1_5' title="bbox 290 735 1122 810; baseline -0.005 -2"><span class='ocrx_word' id='word_1_23' title='bbox 290 737 349 808; x_wconf 87' lang='lat' dir='ltr'><strong>Ad</strong></span> <span class='ocrx_word' id='word_1_24' title='bbox 364 761 508 810; x_wconf 90' lang='lat' dir='ltr'><strong>coenam</strong></span> <span class='ocrx_word' id='word_1_25' title='bbox 527 739 647 810; x_wconf 84' lang='lat' dir='ltr'><strong>venias</strong></span> <span class='ocrx_word' id='word_1_26' title='bbox 663 763 746 808; x_wconf 79' lang='lat' dir='ltr'><strong>mox</strong></span> <span class='ocrx_word' id='word_1_27' title='bbox 760 735 865 809; x_wconf 88' lang='lat' dir='ltr'><strong>Petre</strong></span> <span class='ocrx_word' id='word_1_28' title='bbox 879 740 981 809; x_wconf 89' lang='lat' dir='ltr'><strong>docte</strong></span> <span class='ocrx_word' id='word_1_29' title='bbox 996 759 1122 808; x_wconf 87' lang='lat' dir='ltr'><strong>meam.</strong></span> 
     </span>
    </p>
   </div>
   <div class='ocr_carea' id='block_1_3' title="bbox 661 837 1183 931">
    <p class='ocr_par' dir='ltr' id='par_1_3' title="bbox 661 837 1183 931">
     <span class='ocr_line' id='line_1_6' title="bbox 661 837 1183 931; baseline 0.015 -23"><span class='ocrx_word' id='word_1_30' title='bbox 661 845 692 916; x_wconf 86' lang='grc'><strong>7.</strong></span> <span class='ocrx_word' id='word_1_31' title='bbox 711 837 784 910; x_wconf 87' lang='lat' dir='ltr'><strong>ldus</strong></span> <span class='ocrx_word' id='word_1_32' title='bbox 804 845 943 931; x_wconf 80' lang='lat' dir='ltr'><strong>Aprilis,</strong></span> <span class='ocrx_word' id='word_1_33' title='bbox 969 847 1064 912; x_wconf 90' lang='lat' dir='ltr'><strong>Anno</strong></span> <span class='ocrx_word' id='word_1_34' title='bbox 1087 846 1183 916; x_wconf 74' lang='grc'><strong>1558.</strong></span> 
     </span>
    </p>
   </div>
   <div class='ocr_carea' id='block_1_4' title="bbox 958 243 1549 497">
    <p class='ocr_par' dir='ltr' id='par_1_4' title="bbox 958 243 1549 497">
     <span class='ocr_line' id='line_1_7' title="bbox 958 243 1549 328; baseline 0.007 -4"><span class='ocrx_word' id='word_1_35' title='bbox 958 243 1289 324; x_wconf 86' lang='lat' dir='ltr'><strong>CARMINUM</strong></span> <span class='ocrx_word' id='word_1_36' title='bbox 1343 247 1446 325; x_wconf 67' lang='grc' dir='ltr'><strong>[ΑΒ.</strong></span> <span class='ocrx_word' id='word_1_37' title='bbox 1471 246 1549 328; x_wconf 91' lang='lat' dir='ltr'><strong>lll.</strong></span> 
     </span>
     <span class='ocr_line' id='line_1_8' title="bbox 1282 421 1462 497; baseline -0.006 -3"><span class='ocrx_word' id='word_1_38' title='bbox 1282 421 1352 497; x_wconf 84' lang='lat' dir='ltr'><strong>No.</strong></span> <span class='ocrx_word' id='word_1_39' title='bbox 1375 422 1462 496; x_wconf 72' lang='lat'><strong>824.</strong></span> 
     </span>
    </p>
   </div>
   <div class='ocr_carea' id='block_1_5' title="bbox 2171 263 2229 344">
    <p class='ocr_par' dir='ltr' id='par_1_5' title="bbox 2171 263 2229 344">
     <span class='ocr_line' id='line_1_9' title="bbox 2171 263 2229 344; baseline 0.086 -5"><span class='ocrx_word' id='word_1_40' title='bbox 2171 263 2229 344; x_wconf 79' lang='grc'><strong>011</strong></span> 
     </span>
    </p>
   </div>
   <div class='ocr_carea' id='block_1_6' title="bbox 1289 520 1462 547">
    <p class='ocr_par' dir='ltr' id='par_1_6' title="bbox 1289 520 1462 547">
     <span class='ocr_line' id='line_1_10' title="bbox 1289 520 1462 547; baseline 0.006 -1"><span class='ocrx_word' id='word_1_41' title='bbox 1289 520 1462 547; x_wconf 57' lang='grc' dir='ltr'>Μ</span> 
     </span>
    </p>
   </div>
   <div class='ocr_carea' id='block_1_7' title="bbox 1354 619 1696 694">
    <p class='ocr_par' dir='ltr' id='par_1_7' title="bbox 1354 619 1696 694">
     <span class='ocr_line' id='line_1_11' title="bbox 1354 619 1696 694; baseline 0.009 -20"><span class='ocrx_word' id='word_1_42' title='bbox 1354 619 1437 692; x_wconf 82' lang='lat' dir='ltr'><strong>Apud</strong></span> <span class='ocrx_word' id='word_1_43' title='bbox 1453 619 1581 690; x_wconf 79' lang='lat' dir='ltr'><strong>yineent.</strong></span> <span class='ocrx_word' id='word_1_44' title='bbox 1594 640 1621 694; x_wconf 89' lang='lat' dir='ltr'><strong>p.</strong></span> <span class='ocrx_word' id='word_1_45' title='bbox 1637 623 1696 682; x_wconf 93' lang='grc'><strong>100.</strong></span> 
     </span>
    </p>
   </div>
   <div class='ocr_carea' id='block_1_8' title="bbox 2092 533 2230 562">
    <p class='ocr_par' dir='ltr' id='par_1_8' title="bbox 2092 533 2230 562">
     <span class='ocr_line' id='line_1_12' title="bbox 2092 533 2230 562; baseline 0.014 -2"><span class='ocrx_word' id='word_1_46' title='bbox 2092 533 2230 562; x_wconf 55' lang='grc' dir='ltr'><strong><em>Μ</em></strong></span> 
     </span>
    </p>
   </div>
   <div class='ocr_carea' id='block_1_9' title="bbox 1283 783 2237 890">
    <p class='ocr_par' dir='ltr' id='par_1_9' title="bbox 1283 783 2237 890">
     <span class='ocr_line' id='line_1_13' title="bbox 1283 783 2237 890; baseline 0.015 -37"><span class='ocrx_word' id='word_1_47' title='bbox 1283 783 1330 853; x_wconf 90' lang='lat' dir='ltr'><strong>ln</strong></span> <span class='ocrx_word' id='word_1_48' title='bbox 1345 784 1649 878; x_wconf 72' lang='lat' dir='ltr'><strong>imaginemlteu.</strong></span> <span class='ocrx_word' id='word_1_49' title='bbox 1659 787 1770 856; x_wconf 83' lang='lat' dir='ltr'><strong>Doct.</strong></span> <span class='ocrx_word' id='word_1_50' title='bbox 1785 789 1970 860; x_wconf 81' lang='lat' dir='ltr'><strong>loannis</strong></span> <span class='ocrx_word' id='word_1_51' title='bbox 1983 789 2237 890; x_wconf 76' lang='lat' dir='ltr'><strong>Bngenlngii,</strong></span> 
     </span>
    </p>
   </div>
   <div class='ocr_carea' id='block_1_10' title="bbox 1672 892 1886 962">
    <p class='ocr_par' dir='ltr' id='par_1_10' title="bbox 1672 892 1886 962">
     <span class='ocr_line' id='line_1_14' title="bbox 1672 892 1886 962; baseline 0.005 -3"><span class='ocrx_word' id='word_1_52' title='bbox 1672 892 1886 962; x_wconf 85' lang='lat' dir='ltr'><strong>Pomerani.</strong></span> 
     </span>
    </p>
   </div>
   <div class='ocr_carea' id='block_1_11' title="bbox 1191 1033 2118 1136">
    <p class='ocr_par' dir='ltr' id='par_1_11' title="bbox 1191 1033 2118 1136">
     <span class='ocr_line' id='line_1_15' title="bbox 1191 1033 2118 1136; baseline 0.005 -29"><span class='ocrx_word' id='word_1_53' title='bbox 1191 1070 1235 1083; x_wconf 84' lang='lat'><strong>·-</strong></span> <span class='ocrx_word' id='word_1_54' title='bbox 1285 1033 1458 1126; x_wconf 89' lang='lat' dir='ltr'><strong>Coniugis</strong></span> <span class='ocrx_word' id='word_1_55' title='bbox 1473 1037 1628 1108; x_wconf 87' lang='lat' dir='ltr'><strong>ut·senio</strong></span> <span class='ocrx_word' id='word_1_56' title='bbox 1646 1041 1798 1112; x_wconf 87' lang='lat' dir='ltr'><strong>conlecti</strong></span> <span class='ocrx_word' id='word_1_57' title='bbox 1814 1065 1941 1134; x_wconf 89' lang='lat' dir='ltr'><strong>corpus</strong></span> <span class='ocrx_word' id='word_1_58' title='bbox 1958 1055 2118 1136; x_wconf 88' lang='lat' dir='ltr'><strong>aquatum</strong></span> 
     </span>
    </p>
   </div>
   <div class='ocr_carea' id='block_1_12' title="bbox 932 1145 1221 1274">
    <p class='ocr_par' dir='ltr' id='par_1_12' title="bbox 932 1145 1221 1274">
     <span class='ocr_line' id='line_1_16' title="bbox 932 1145 1221 1274; baseline 0 -20"><span class='ocrx_word' id='word_1_59' title='bbox 932 1145 936 1150; x_wconf 19' lang='lat'><strong>⁵*</strong></span> <span class='ocrx_word' id='word_1_60' title='bbox 980 1193 1011 1254; x_wconf 88' lang='lat'><strong>7.</strong></span> <span class='ocrx_word' id='word_1_61' title='bbox 1029 1192 1108 1274; x_wconf 67' lang='grc' dir='ltr'><strong>ΑΡ..</strong></span> <span class='ocrx_word' id='word_1_62' title='bbox 1127 1193 1221 1256; x_wconf 76' lang='lat'><strong>1558.</strong></span> 
     </span>
    </p>
   </div>
   <div class='ocr_carea' id='block_1_13' title="bbox 964 1287 1233 1324">
    <p class='ocr_par' dir='ltr' id='par_1_13' title="bbox 964 1287 1233 1324">
     <span class='ocr_line' id='line_1_17' title="bbox 964 1287 1233 1324; baseline -0.007 -6"><span class='ocrx_word' id='word_1_63' title='bbox 964 1287 1233 1324; x_wconf 49' lang='lat' dir='ltr'><em>W</em></span> 
     </span>
    </p>
   </div>
   <div class='ocr_carea' id='block_1_14' title="bbox 237 1179 410 1254">
    <p class='ocr_par' dir='ltr' id='par_1_14' title="bbox 237 1179 410 1254">
     <span class='ocr_line' id='line_1_18' title="bbox 237 1179 410 1254; baseline 0.006 -3"><span class='ocrx_word' id='word_1_64' title='bbox 237 1179 303 1254; x_wconf 88' lang='lat' dir='ltr'><strong>No.</strong></span> <span class='ocrx_word' id='word_1_65' title='bbox 324 1181 410 1252; x_wconf 82' lang='lat'><strong>519.</strong></span> 
     </span>
    </p>
   </div>
   <div class='ocr_carea' id='block_1_15' title="bbox 240 1277 412 1303">
    <p class='ocr_par' dir='ltr' id='par_1_15' title="bbox 240 1277 412 1303">
     <span class='ocr_line' id='line_1_19' title="bbox 240 1277 412 1303; baseline 0 0"><span class='ocrx_word' id='word_1_66' title='bbox 240 1277 412 1303; x_wconf 54' lang='lat' dir='ltr'><em>m</em></span> 
     </span>
    </p>
   </div>
   <div class='ocr_carea' id='block_1_16' title="bbox 306 1383 648 1458">
    <p class='ocr_par' dir='ltr' id='par_1_16' title="bbox 306 1383 648 1458">
     <span class='ocr_line' id='line_1_20' title="bbox 306 1383 648 1458; baseline 0.012 -20"><span class='ocrx_word' id='word_1_67' title='bbox 306 1383 391 1458; x_wconf 82' lang='lat' dir='ltr'><strong>Apud</strong></span> <span class='ocrx_word' id='word_1_68' title='bbox 407 1385 534 1444; x_wconf 81' lang='lat' dir='ltr'><strong>Vincent.</strong></span> <span class='ocrx_word' id='word_1_69' title='bbox 545 1403 572 1458; x_wconf 83' lang='lat' dir='ltr'><strong>p.</strong></span> <span class='ocrx_word' id='word_1_70' title='bbox 586 1387 648 1442; x_wconf 85' lang='grc'><strong>181.</strong></span> 
     </span>
    </p>
   </div>
   <div class='ocr_carea' id='block_1_17' title="bbox 290 1541 1184 1727">
    <p class='ocr_par' dir='ltr' id='par_1_17' title="bbox 290 1541 1184 1727">
     <span class='ocr_line' id='line_1_21' title="bbox 290 1541 1184 1644; baseline 0.003 -25"><span class='ocrx_word' id='word_1_71' title='bbox 290 1551 431 1620; x_wconf 86' lang='lat' dir='ltr'><strong>Petro</strong></span> <span class='ocrx_word' id='word_1_72' title='bbox 453 1541 746 1642; x_wconf 77' lang='lat' dir='ltr'><strong>¹Vincentio,</strong></span> <span class='ocrx_word' id='word_1_73' title='bbox 783 1545 908 1644; x_wconf 77' lang='lat' dir='ltr'><strong>fratri</strong></span> <span class='ocrx_word' id='word_1_74' title='bbox 935 1556 1070 1626; x_wconf 76' lang='lat' dir='ltr'><strong>carne.</strong></span> <span class='ocrx_word' id='word_1_75' title='bbox 1098 1557 1184 1643; x_wconf 81' lang='lat' dir='ltr'><strong>post</strong></span> 
     </span>
     <span class='ocr_line' id='line_1_22' title="bbox 653 1675 878 1727; baseline 0 -1"><span class='ocrx_word' id='word_1_76' title='bbox 653 1675 823 1727; x_wconf 81' lang='lat' dir='ltr'><strong>coenant.</strong></span> <span class='ocrx_word' id='word_1_77' title='bbox 868 1697 878 1716; x_wconf 86' lang='lat'><strong>·</strong></span> 
     </span>
    </p>
   </div>
   <div class='ocr_carea' id='block_1_18' title="bbox 240 1802 1140 2412">
    <p class='ocr_par' dir='ltr' id='par_1_18' title="bbox 240 1802 1140 2412">
     <span class='ocr_line' id='line_1_23' title="bbox 240 1802 1120 1890; baseline 0.003 -16"><span class='ocrx_word' id='word_1_78' title='bbox 240 1802 319 1876; x_wconf 90' lang='lat' dir='ltr'><strong>Hoc</strong></span> <span class='ocrx_word' id='word_1_79' title='bbox 334 1805 439 1876; x_wconf 90' lang='lat' dir='ltr'><strong>etiam</strong></span> <span class='ocrx_word' id='word_1_80' title='bbox 455 1805 590 1876; x_wconf 88' lang='lat' dir='ltr'><strong>dictum</strong></span> <span class='ocrx_word' id='word_1_81' title='bbox 606 1819 658 1876; x_wconf 90' lang='lat' dir='ltr'><strong>est</strong></span> <span class='ocrx_word' id='word_1_82' title='bbox 674 1807 768 1878; x_wconf 91' lang='lat' dir='ltr'><strong>inter</strong></span> <span class='ocrx_word' id='word_1_83' title='bbox 781 1807 986 1878; x_wconf 89' lang='lat' dir='ltr'><strong>dulcissima</strong></span> <span class='ocrx_word' id='word_1_84' title='bbox 1002 1807 1120 1890; x_wconf 90' lang='lat' dir='ltr'><strong>mella,</strong></span> 
     </span>
     <span class='ocr_line' id='line_1_24' title="bbox 293 1906 1051 2002; baseline 0.003 -24"><span class='ocrx_word' id='word_1_85' title='bbox 293 1906 395 1997; x_wconf 89' lang='lat' dir='ltr'><strong>Quae</strong></span> <span class='ocrx_word' id='word_1_86' title='bbox 411 1909 551 2000; x_wconf 89' lang='lat' dir='ltr'><strong>sapiens</strong></span> <span class='ocrx_word' id='word_1_87' title='bbox 565 1910 670 1980; x_wconf 87' lang='lat' dir='ltr'><strong>nobis</strong></span> <span class='ocrx_word' id='word_1_88' title='bbox 685 1910 834 1980; x_wconf 83' lang='lat' dir='ltr'><strong>tradidit</strong></span> <span class='ocrx_word' id='word_1_89' title='bbox 848 1909 923 2002; x_wconf 87' lang='lat' dir='ltr'><strong>ipse</strong></span> <span class='ocrx_word' id='word_1_90' title='bbox 938 1907 1051 1980; x_wconf 86' lang='lat' dir='ltr'><strong>Plato.</strong></span> 
     </span>
     <span class='ocr_line' id='line_1_25' title="bbox 241 2005 1121 2112; baseline 0.005 -29"><span class='ocrx_word' id='word_1_91' title='bbox 241 2006 320 2083; x_wconf 84' lang='grc' dir='ltr'><strong><em>ὅττι</em></strong></span> <span class='ocrx_word' id='word_1_92' title='bbox 341 2013 543 2112; x_wconf 75' lang='grc' dir='ltr'><strong><em>γιονμετρεῖ</em></strong></span> <span class='ocrx_word' id='word_1_93' title='bbox 562 2007 651 2094; x_wconf 78' lang='grc' dir='ltr'><strong><em>θεὸς</em></strong></span> <span class='ocrx_word' id='word_1_94' title='bbox 671 2007 743 2086; x_wconf 80' lang='lat' dir='ltr'><strong>clei</strong></span> <span class='ocrx_word' id='word_1_95' title='bbox 764 2005 889 2085; x_wconf 77' lang='grc' dir='ltr'><strong><em>πάντα</em></strong></span> <span class='ocrx_word' id='word_1_96' title='bbox 911 2010 1121 2110; x_wconf 76' lang='grc' dir='ltr'><strong><em>κυβερνῶν,</em></strong></span> 
     </span>
     <span class='ocr_line' id='line_1_26' title="bbox 292 2111 1140 2206; baseline 0.001 -23"><span class='ocrx_word' id='word_1_97' title='bbox 292 2111 389 2186; x_wconf 89' lang='lat' dir='ltr'><strong>Haec</strong></span> <span class='ocrx_word' id='word_1_98' title='bbox 405 2140 473 2184; x_wconf 84' lang='lat' dir='ltr'><strong>vor</strong></span> <span class='ocrx_word' id='word_1_99' title='bbox 489 2116 528 2183; x_wconf 91' lang='lat' dir='ltr'><strong>in</strong></span> <span class='ocrx_word' id='word_1_100' title='bbox 542 2139 650 2186; x_wconf 89' lang='lat' dir='ltr'><strong>coena</strong></span> <span class='ocrx_word' id='word_1_101' title='bbox 668 2139 763 2187; x_wconf 88' lang='lat' dir='ltr'><strong>nune</strong></span> <span class='ocrx_word' id='word_1_102' title='bbox 778 2115 905 2206; x_wconf 87' lang='lat' dir='ltr'><strong>agitata</strong></span> <span class='ocrx_word' id='word_1_103' title='bbox 922 2139 997 2184; x_wconf 93' lang='lat' dir='ltr'><strong>mea</strong></span> <span class='ocrx_word' id='word_1_104' title='bbox 1011 2129 1072 2184; x_wconf 87' lang='lat' dir='ltr'><strong>est.</strong></span> <span class='ocrx_word' id='word_1_105' title='bbox 1112 2131 1140 2163; x_wconf 79' lang='lat'><strong>=··</strong></span> 
     </span>
     <span class='ocr_line' id='line_1_27' title="bbox 241 2212 1033 2303; baseline -0.003 -15"><span class='ocrx_word' id='word_1_106' title='bbox 241 2215 296 2288; x_wconf 87' lang='lat' dir='ltr'><strong>Te</strong></span> <span class='ocrx_word' id='word_1_107' title='bbox 312 2240 435 2288; x_wconf 86' lang='lat' dir='ltr'><strong>vocem</strong></span> <span class='ocrx_word' id='word_1_108' title='bbox 450 2217 555 2288; x_wconf 89' lang='lat' dir='ltr'><strong>nobis</strong></span> <span class='ocrx_word' id='word_1_109' title='bbox 570 2212 663 2288; x_wconf 84' lang='lat' dir='ltr'><strong>hanc</strong></span> <span class='ocrx_word' id='word_1_110' title='bbox 679 2242 844 2288; x_wconf 88' lang='lat' dir='ltr'><strong>enarrare</strong></span> <span class='ocrx_word' id='word_1_111' title='bbox 858 2217 1033 2303; x_wconf 87' lang='lat' dir='ltr'><strong>volebam,</strong></span> 
     </span>
     <span class='ocr_line' id='line_1_28' title="bbox 292 2319 1018 2412; baseline 0.003 -20"><span class='ocrx_word' id='word_1_112' title='bbox 292 2319 364 2392; x_wconf 91' lang='lat' dir='ltr'><strong>Sed</strong></span> <span class='ocrx_word' id='word_1_113' title='bbox 378 2343 454 2390; x_wconf 89' lang='lat' dir='ltr'><strong>cras</strong></span> <span class='ocrx_word' id='word_1_114' title='bbox 469 2335 509 2391; x_wconf 88' lang='lat' dir='ltr'><strong>ut</strong></span> <span class='ocrx_word' id='word_1_115' title='bbox 525 2322 645 2390; x_wconf 88' lang='lat' dir='ltr'><strong>venias</strong></span> <span class='ocrx_word' id='word_1_116' title='bbox 662 2319 766 2392; x_wconf 89' lang='lat' dir='ltr'><strong>Petre</strong></span> <span class='ocrx_word' id='word_1_117' title='bbox 781 2321 909 2392; x_wconf 88' lang='lat' dir='ltr'><strong>diserte</strong></span> <span class='ocrx_word' id='word_1_118' title='bbox 925 2333 1018 2412; x_wconf 86' lang='lat' dir='ltr'><strong>peto.</strong></span> 
     </span>
    </p>
   </div>
   <div class='ocr_carea' id='block_1_19' title="bbox 242 2677 1210 2800">
    <p class='ocr_par' dir='ltr' id='par_1_19' title="bbox 242 2677 1210 2800">
     <span class='ocr_line' id='line_1_29' title="bbox 242 2677 1210 2800; baseline -0.004 -51"><span class='ocrx_word' id='word_1_119' title='bbox 242 2677 413 2800; x_wconf 58' lang='lat' dir='ltr'><strong>Q.</strong></span> <span class='ocrx_word' id='word_1_120' title='bbox 1042 2707 1091 2749; x_wconf 86' lang='lat' dir='ltr'><strong>an.</strong></span> <span class='ocrx_word' id='word_1_121' title='bbox 1116 2683 1210 2746; x_wconf 85' lang='grc'><strong>1558.</strong></span> 
     </span>
    </p>
   </div>
   <div class='ocr_carea' id='block_1_20' title="bbox 1020 2775 1233 2812">
    <p class='ocr_par' dir='ltr' id='par_1_20' title="bbox 1020 2775 1233 2812">
     <span class='ocr_line' id='line_1_30' title="bbox 1020 2775 1233 2812; baseline 0 -6"><span class='ocrx_word' id='word_1_122' title='bbox 1020 2775 1233 2812; x_wconf 54' lang='grc' dir='ltr'><strong>Μ</strong></span> 
     </span>
    </p>
   </div>
   <div class='ocr_carea' id='block_1_21' title="bbox 313 2874 1238 3024">
    <p class='ocr_par' dir='ltr' id='par_1_21' title="bbox 313 2874 1238 3024">
     <span class='ocr_line' id='line_1_31' title="bbox 313 2874 1238 3006; baseline -0.001 -74"><span class='ocrx_word' id='word_1_123' title='bbox 313 2881 547 3006; x_wconf 60' lang='lat' dir='ltr'><strong>Verspsffigraecos</strong></span> <span class='ocrx_word' id='word_1_124' title='bbox 560 2877 592 2932; x_wconf 84' lang='lat' dir='ltr'><strong>ad</strong></span> <span class='ocrx_word' id='word_1_125' title='bbox 606 2876 786 2932; x_wconf 79' lang='lat' dir='ltr'><strong>Praetorium</strong></span> <span class='ocrx_word' id='word_1_126' title='bbox 800 2895 898 2947; x_wconf 85' lang='lat' dir='ltr'><strong>quaere</strong></span> <span class='ocrx_word' id='word_1_127' title='bbox 914 2876 941 2928; x_wconf 92' lang='lat' dir='ltr'><strong>in</strong></span> <span class='ocrx_word' id='word_1_128' title='bbox 958 2874 1038 2944; x_wconf 81' lang='lat' dir='ltr'><strong>epist.</strong></span> <span class='ocrx_word' id='word_1_129' title='bbox 1053 2875 1119 2930; x_wconf 87' lang='lat' dir='ltr'><strong>Mel.</strong></span> <span class='ocrx_word' id='word_1_130' title='bbox 1135 2874 1238 2932; x_wconf 59' lang='lat' dir='ltr'><strong>volnt.</strong></span> 
     </span>
     <span class='ocr_line' id='line_1_32' title="bbox 346 2970 1049 3024; baseline -0.003 -34"><span class='ocrx_word' id='word_1_131' title='bbox 346 2970 374 3024; x_wconf 51' lang='lat' dir='ltr'><strong>p·</strong></span> <span class='ocrx_word' id='word_1_132' title='bbox 440 2989 448 3007; x_wconf 69' lang='grc'>,</span> <span class='ocrx_word' id='word_1_133' title='bbox 1047 2981 1049 2988; x_wconf 80' lang='grc'>,</span> 
     </span>
    </p>
   </div>
   <div class='ocr_carea' id='block_1_22' title="bbox 264 3285 442 3358">
    <p class='ocr_par' dir='ltr' id='par_1_22' title="bbox 264 3285 442 3358">
     <span class='ocr_line' id='line_1_33' title="bbox 264 3285 442 3358; baseline 0 -2"><span class='ocrx_word' id='word_1_134' title='bbox 264 3285 333 3356; x_wconf 88' lang='grc' dir='ltr'><strong>Νο.</strong></span> <span class='ocrx_word' id='word_1_135' title='bbox 353 3285 442 3358; x_wconf 70' lang='grc'><strong>821.</strong></span> 
     </span>
    </p>
   </div>
   <div class='ocr_carea' id='block_1_23' title="bbox 248 3385 688 3554">
    <p class='ocr_par' dir='ltr' id='par_1_23' title="bbox 248 3385 688 3554">
     <span class='ocr_line' id='line_1_34' title="bbox 248 3385 463 3420; baseline 0.009 -2"><span class='ocrx_word' id='word_1_136' title='bbox 248 3385 463 3420; x_wconf 54' lang='lat' dir='ltr'><em>m</em></span> 
     </span>
     <span class='ocr_line' id='line_1_35' title="bbox 347 3477 688 3554; baseline -0.006 -18"><span class='ocrx_word' id='word_1_137' title='bbox 347 3481 428 3554; x_wconf 77' lang='lat' dir='ltr'><strong>Apud</strong></span> <span class='ocrx_word' id='word_1_138' title='bbox 444 3479 572 3536; x_wconf 83' lang='lat' dir='ltr'><strong>Vincent.</strong></span> <span class='ocrx_word' id='word_1_139' title='bbox 586 3499 612 3553; x_wconf 88' lang='lat' dir='ltr'><strong>p.</strong></span> <span class='ocrx_word' id='word_1_140' title='bbox 625 3477 688 3540; x_wconf 74' lang='lat'><strong>208.</strong></span> 
     </span>
    </p>
   </div>
   <div class='ocr_carea' id='block_1_24' title="bbox 1103 3377 1220 3405">
    <p class='ocr_par' dir='ltr' id='par_1_24' title="bbox 1103 3377 1220 3405">
     <span class='ocr_line' id='line_1_36' title="bbox 1103 3377 1220 3405; baseline 0 0"><span class='ocrx_word' id='word_1_141' title='bbox 1103 3377 1220 3405; x_wconf 56' lang='lat' dir='ltr'>M</span> 
     </span>
    </p>
   </div>
   <div class='ocr_carea' id='block_1_25' title="bbox 247 3637 1185 4120">
    <p class='ocr_par' dir='ltr' id='par_1_25' title="bbox 247 3637 1185 3996">
     <span class='ocr_line' id='line_1_37' title="bbox 337 3637 1143 3733; baseline -0.001 -22"><span class='ocrx_word' id='word_1_142' title='bbox 337 3644 528 3712; x_wconf 81' lang='lat' dir='ltr'><strong>Demetrio</strong></span> <span class='ocrx_word' id='word_1_143' title='bbox 554 3637 694 3733; x_wconf 81' lang='lat' dir='ltr'><strong>hospiti</strong></span> <span class='ocrx_word' id='word_1_144' title='bbox 716 3639 1143 3732; x_wconf 71' lang='lat' dir='ltr'><strong>Constantinopolitano.</strong></span> 
     </span>
     <span class='ocr_line' id='line_1_38' title="bbox 247 3787 1185 3892; baseline 0 -24"><span class='ocrx_word' id='word_1_145' title='bbox 247 3790 419 3892; x_wconf 82' lang='grc' dir='ltr'><em>Θρηϊκίης</em></span> <span class='ocrx_word' id='word_1_146' title='bbox 442 3791 519 3876; x_wconf 78' lang='grc' dir='ltr'><strong><em>ξένε</em></strong></span> <span class='ocrx_word' id='word_1_147' title='bbox 544 3794 583 3866; x_wconf 79' lang='grc' dir='ltr'><strong>ἐκ</strong></span> <span class='ocrx_word' id='word_1_148' title='bbox 600 3787 739 3876; x_wconf 80' lang='grc' dir='ltr'><strong><em>πόλεως</em></strong></span> <span class='ocrx_word' id='word_1_149' title='bbox 760 3791 879 3866; x_wconf 73' lang='grc' dir='ltr'><strong><em>καλέω</em></strong></span> <span class='ocrx_word' id='word_1_150' title='bbox 898 3815 938 3866; x_wconf 85' lang='grc' dir='ltr'><strong>σε</strong></span> <span class='ocrx_word' id='word_1_151' title='bbox 954 3791 1044 3888; x_wconf 77' lang='grc' dir='ltr'><strong>μεθ’</strong></span> <span class='ocrx_word' id='word_1_152' title='bbox 1063 3789 1185 3887; x_wconf 74' lang='grc' dir='ltr'><strong><em>ἡμῶν,</em></strong></span> 
     </span>
     <span class='ocr_line' id='line_1_39' title="bbox 295 3893 1136 3996; baseline -0.007 -23"><span class='ocrx_word' id='word_1_153' title='bbox 295 3894 394 3973; x_wconf 84' lang='grc' dir='ltr'><strong><em>Νυνὶ</em></strong></span> <span class='ocrx_word' id='word_1_154' title='bbox 416 3899 553 3996; x_wconf 70' lang='grc' dir='ltr'><strong><em>φαγεῖν</em></strong></span> <span class='ocrx_word' id='word_1_155' title='bbox 562 3951 574 3984; x_wconf 82' lang='grc'><strong><em>,</em></strong></span> <span class='ocrx_word' id='word_1_156' title='bbox 600 3893 704 3991; x_wconf 67' lang='lat' dir='ltr'><strong>nitar</strong></span> <span class='ocrx_word' id='word_1_157' title='bbox 722 3895 786 3969; x_wconf 82' lang='grc' dir='ltr'><strong>καὶ</strong></span> <span class='ocrx_word' id='word_1_158' title='bbox 809 3895 991 3995; x_wconf 82' lang='grc' dir='ltr'><strong><em>χαρίεντα</em></strong></span> <span class='ocrx_word' id='word_1_159' title='bbox 1012 3893 1136 3996; x_wconf 72' lang='grc' dir='ltr'><strong><em>λόγον.</em></strong></span> 
     </span>
    </p>

    <p class='ocr_par' dir='ltr' id='par_1_26' title="bbox 289 4017 952 4120">
     <span class='ocr_line' id='line_1_40' title="bbox 289 4017 952 4120; baseline -0.006 -6"><span class='ocrx_word' id='word_1_160' title='bbox 289 4027 292 4036; x_wconf 59' lang='grc'>’</span> <span class='ocrx_word' id='word_1_161' title='bbox 542 4017 663 4112; x_wconf 79' lang='lat' dir='ltr'><strong>Gnome</strong></span> <span class='ocrx_word' id='word_1_162' title='bbox 684 4043 723 4110; x_wconf 82' lang='lat' dir='ltr'><strong>de</strong></span> <span class='ocrx_word' id='word_1_163' title='bbox 743 4043 952 4120; x_wconf 80' lang='lat' dir='ltr'><strong>invocatione.</strong></span> 
     </span>
    </p>
   </div>
   <div class='ocr_carea' id='block_1_26' title="bbox 318 4163 993 4373">
    <p class='ocr_par' dir='ltr' id='par_1_27' title="bbox 318 4163 993 4373">
     <span class='ocr_line' id='line_1_41' title="bbox 338 4163 993 4267; baseline -0.009 -19"><span class='ocrx_word' id='word_1_164' title='bbox 338 4171 444 4248; x_wconf 76' lang='grc' dir='ltr'><strong><em>Ὄττι</em></strong></span> <span class='ocrx_word' id='word_1_165' title='bbox 458 4171 592 4267; x_wconf 83' lang='grc' dir='ltr'><strong><em>χρεῖον</em></strong></span> <span class='ocrx_word' id='word_1_166' title='bbox 612 4167 702 4262; x_wconf 75' lang='grc' dir='ltr'><strong><em>ἔχεις</em></strong></span> <span class='ocrx_word' id='word_1_167' title='bbox 722 4163 857 4252; x_wconf 81' lang='grc' dir='ltr'><strong><em>τεύξεις</em></strong></span> <span class='ocrx_word' id='word_1_168' title='bbox 878 4169 993 4242; x_wconf 77' lang='grc' dir='ltr'><strong><em>αἰτῶν</em></strong></span> 
     </span>
     <span class='ocr_line' id='line_1_42' title="bbox 318 4272 688 4373; baseline -0.011 -22"><span class='ocrx_word' id='word_1_169' title='bbox 318 4311 324 4318; x_wconf 92' lang='grc'><em>·</em></span> <span class='ocrx_word' id='word_1_170' title='bbox 400 4272 502 4373; x_wconf 80' lang='grc' dir='ltr'><em>παρὰ</em></span> <span class='ocrx_word' id='word_1_171' title='bbox 519 4277 688 4371; x_wconf 80' lang='grc' dir='ltr'><strong><em>χριστοῦ.</em></strong></span> 
     </span>
    </p>
   </div>
   <div class='ocr_carea' id='block_1_27' title="bbox 247 4623 422 4697">
    <p class='ocr_par' dir='ltr' id='par_1_28' title="bbox 247 4623 422 4697">
     <span class='ocr_line' id='line_1_43' title="bbox 247 4623 422 4697; baseline 0 -1"><span class='ocrx_word' id='word_1_172' title='bbox 247 4626 315 4696; x_wconf 86' lang='grc' dir='ltr'><strong>Νο.</strong></span> <span class='ocrx_word' id='word_1_173' title='bbox 336 4623 422 4697; x_wconf 72' lang='lat' dir='ltr'><strong>tte.</strong></span> 
     </span>
    </p>
   </div>
   <div class='ocr_carea' id='block_1_28' title="bbox 253 4723 425 4751">
    <p class='ocr_par' dir='ltr' id='par_1_29' title="bbox 253 4723 425 4751">
     <span class='ocr_line' id='line_1_44' title="bbox 253 4723 425 4751; baseline -0.017 0"><span class='ocrx_word' id='word_1_174' title='bbox 253 4723 425 4751; x_wconf 47' lang='lat' dir='ltr'><strong>ww</strong></span> 
     </span>
    </p>
   </div>
   <div class='ocr_carea' id='block_1_29' title="bbox 858 4629 1238 4714">
    <p class='ocr_par' dir='ltr' id='par_1_30' title="bbox 858 4629 1238 4714">
     <span class='ocr_line' id='line_1_45' title="bbox 858 4629 1238 4714; baseline 0.013 -24"><span class='ocrx_word' id='word_1_175' title='bbox 858 4649 908 4694; x_wconf 84' lang='lat' dir='ltr'><strong>an.</strong></span> <span class='ocrx_word' id='word_1_176' title='bbox 926 4629 1019 4691; x_wconf 89' lang='grc'><strong>1558.</strong></span> <span class='ocrx_word' id='word_1_177' title='bbox 1033 4629 1064 4694; x_wconf 90' lang='lat' dir='ltr'><strong>d.</strong></span> <span class='ocrx_word' id='word_1_178' title='bbox 1084 4630 1134 4693; x_wconf 88' lang='lat'><strong>13.</strong></span> <span class='ocrx_word' id='word_1_179' title='bbox 1155 4629 1238 4714; x_wconf 77' lang='lat' dir='ltr'><strong>Aug.</strong></span> 
     </span>
    </p>
   </div>
   <div class='ocr_carea' id='block_1_30' title="bbox 850 4723 1233 4762">
    <p class='ocr_par' dir='ltr' id='par_1_31' title="bbox 850 4723 1233 4762">
     <span class='ocr_line' id='line_1_46' title="bbox 850 4723 1233 4762; baseline -0.005 0"><span class='ocrx_word' id='word_1_180' title='bbox 850 4723 1233 4762; x_wconf 56' lang='lat' dir='ltr'><strong>m</strong></span> 
     </span>
    </p>
   </div>
   <div class='ocr_carea' id='block_1_31' title="bbox 318 4829 1241 4974">
    <p class='ocr_par' dir='ltr' id='par_1_32' title="bbox 318 4829 1241 4974">
     <span class='ocr_line' id='line_1_47' title="bbox 318 4829 1241 4907; baseline 0.008 -25"><span class='ocrx_word' id='word_1_181' title='bbox 318 4831 435 4888; x_wconf 67' lang='lat' dir='ltr'><strong>Versus:</strong></span> <span class='ocrx_word' id='word_1_182' title='bbox 459 4832 526 4902; x_wconf 78' lang='lat' dir='ltr'><strong>Ipse</strong></span> <span class='ocrx_word' id='word_1_183' title='bbox 545 4849 598 4900; x_wconf 82' lang='lat' dir='ltr'><strong>ego</strong></span> <span class='ocrx_word' id='word_1_184' title='bbox 611 4833 741 4900; x_wconf 78' lang='lat' dir='ltr'><strong>quiequid</strong></span> <span class='ocrx_word' id='word_1_185' title='bbox 754 4849 803 4884; x_wconf 84' lang='lat' dir='ltr'><strong>ero</strong></span> <span class='ocrx_word' id='word_1_186' title='bbox 822 4841 892 4902; x_wconf 86' lang='lat' dir='ltr'><strong>etc.,</strong></span> <span class='ocrx_word' id='word_1_187' title='bbox 910 4849 1012 4902; x_wconf 84' lang='lat' dir='ltr'><strong>quaere</strong></span> <span class='ocrx_word' id='word_1_188' title='bbox 1033 4831 1062 4886; x_wconf 89' lang='lat' dir='ltr'><strong>in</strong></span> <span class='ocrx_word' id='word_1_189' title='bbox 1079 4833 1146 4889; x_wconf 85' lang='lat' dir='ltr'><strong>Mel.</strong></span> <span class='ocrx_word' id='word_1_190' title='bbox 1161 4829 1241 4907; x_wconf 80' lang='lat' dir='ltr'><strong>epist.¹</strong></span> 
     </span>
     <span class='ocr_line' id='line_1_48' title="bbox 353 4900 1223 4974; baseline 0.009 -21"><span class='ocrx_word' id='word_1_191' title='bbox 353 4901 415 4958; x_wconf 92' lang='lat' dir='ltr'><strong>Vol.</strong></span> <span class='ocrx_word' id='word_1_192' title='bbox 431 4903 465 4958; x_wconf 88' lang='lat' dir='ltr'><strong>X.</strong></span> <span class='ocrx_word' id='word_1_193' title='bbox 484 4923 510 4974; x_wconf 88' lang='lat' dir='ltr'><strong>p.</strong></span> <span class='ocrx_word' id='word_1_194' title='bbox 523 4901 582 4956; x_wconf 78' lang='lat'><strong>⁵89.</strong></span> <span class='ocrx_word' id='word_1_195' title='bbox 597 4912 623 4957; x_wconf 90' lang='lat' dir='ltr'><strong>et</strong></span> <span class='ocrx_word' id='word_1_196' title='bbox 637 4921 664 4972; x_wconf 85' lang='lat' dir='ltr'><strong>p·</strong></span> <span class='ocrx_word' id='word_1_197' title='bbox 677 4904 738 4958; x_wconf 84' lang='lat'>911.</span> <span class='ocrx_word' id='word_1_198' title='bbox 758 4929 791 4942; x_wconf 90' lang='lat'>-</span> <span class='ocrx_word' id='word_1_199' title='bbox 829 4900 988 4956; x_wconf 81' lang='lat' dir='ltr'><strong>Vincentius</strong></span> <span class='ocrx_word' id='word_1_200' title='bbox 1001 4920 1047 4956; x_wconf 83' lang='lat' dir='ltr'><strong>eos</strong></span> <span class='ocrx_word' id='word_1_201' title='bbox 1063 4921 1119 4958; x_wconf 90' lang='lat' dir='ltr'><strong>non</strong></span> <span class='ocrx_word' id='word_1_202' title='bbox 1134 4905 1223 4962; x_wconf 79' lang='lat' dir='ltr'><strong>hebet.</strong></span> 
     </span>
    </p>
   </div>
   <div class='ocr_carea' id='block_1_32' title="bbox 1089 5092 1239 5103">
    <p class='ocr_par' dir='ltr' id='par_1_33' title="bbox 1089 5092 1239 5103">
     <span class='ocr_line' id='line_1_49' title="bbox 1089 5092 1239 5103; baseline 0.02 -3"><span class='ocrx_word' id='word_1_203' title='bbox 1089 5092 1239 5103; x_wconf 76' lang='lat'>-—---.-</span> 
     </span>
    </p>
   </div>
   <div class='ocr_carea' id='block_1_33' title="bbox 1058 5229 1238 5351">
    <p class='ocr_par' dir='ltr' id='par_1_34' title="bbox 1058 5229 1238 5351">
     <span class='ocr_line' id='line_1_50' title="bbox 1076 5229 1238 5299; baseline 0.049 -10"><span class='ocrx_word' id='word_1_204' title='bbox 1076 5252 1122 5291; x_wconf 85' lang='lat' dir='ltr'><strong>an.</strong></span> <span class='ocrx_word' id='word_1_205' title='bbox 1145 5229 1238 5299; x_wconf 89' lang='grc'><strong>1558.</strong></span> 
     </span>
     <span class='ocr_line' id='line_1_51' title="bbox 1058 5321 1232 5351; baseline 0 -3"><span class='ocrx_word' id='word_1_206' title='bbox 1058 5321 1232 5351; x_wconf 55' lang='lat' dir='ltr'><em>m</em></span> 
     </span>
    </p>
   </div>
   <div class='ocr_carea' id='block_1_34' title="bbox 312 5415 1238 5563">
    <p class='ocr_par' dir='ltr' id='par_1_35' title="bbox 312 5415 1238 5563">
     <span class='ocr_line' id='line_1_52' title="bbox 312 5415 1238 5543; baseline 0.01 -74"><span class='ocrx_word' id='word_1_207' title='bbox 312 5417 437 5471; x_wconf 73' lang='lat' dir='ltr'><strong>Precatio</strong></span> <span class='ocrx_word' id='word_1_208' title='bbox 456 5415 609 5543; x_wconf 77' lang='lat' dir='ltr'><strong>incipiens:</strong></span> <span class='ocrx_word' id='word_1_209' title='bbox 633 5419 782 5488; x_wconf 81' lang='lat' dir='ltr'><strong>„Aeterno</strong></span> <span class='ocrx_word' id='word_1_210' title='bbox 800 5419 924 5486; x_wconf 86' lang='lat' dir='ltr'><strong>genitore</strong></span> <span class='ocrx_word' id='word_1_211' title='bbox 943 5423 1040 5474; x_wconf 84' lang='lat' dir='ltr'><strong>note”</strong></span> <span class='ocrx_word' id='word_1_212' title='bbox 1060 5431 1130 5494; x_wconf 65' lang='lat' dir='ltr'><strong>etc,</strong></span> <span class='ocrx_word' id='word_1_213' title='bbox 1155 5443 1238 5497; x_wconf 86' lang='lat' dir='ltr'><strong>quam</strong></span> 
     </span>
     <span class='ocr_line' id='line_1_53' title="bbox 350 5485 1055 5563; baseline 0.007 -21"><span class='ocrx_word' id='word_1_214' title='bbox 350 5485 430 5546; x_wconf 86' lang='lat' dir='ltr'><strong>Vinc.</strong></span> <span class='ocrx_word' id='word_1_215' title='bbox 441 5507 498 5550; x_wconf 86' lang='lat' dir='ltr'><strong>nou</strong></span> <span class='ocrx_word' id='word_1_216' title='bbox 532 5490 609 5559; x_wconf 86' lang='lat' dir='ltr'><strong>abet,</strong></span> <span class='ocrx_word' id='word_1_217' title='bbox 628 5489 684 5545; x_wconf 77' lang='lat' dir='ltr'><strong>rid.</strong></span> <span class='ocrx_word' id='word_1_218' title='bbox 696 5487 724 5544; x_wconf 90' lang='lat' dir='ltr'><strong>in</strong></span> <span class='ocrx_word' id='word_1_219' title='bbox 739 5487 808 5562; x_wconf 84' lang='lat' dir='ltr'><strong>Epp.</strong></span> <span class='ocrx_word' id='word_1_220' title='bbox 824 5487 886 5545; x_wconf 84' lang='lat' dir='ltr'><strong>Vol.</strong></span> <span class='ocrx_word' id='word_1_221' title='bbox 904 5489 936 5546; x_wconf 89' lang='lat' dir='ltr'><strong>V.</strong></span> <span class='ocrx_word' id='word_1_222' title='bbox 955 5509 981 5563; x_wconf 89' lang='lat' dir='ltr'><strong>p.</strong></span> <span class='ocrx_word' id='word_1_223' title='bbox 993 5490 1055 5553; x_wconf 79' lang='grc'><strong>610.</strong></span> 
     </span>
    </p>
   </div>
   <div class='ocr_carea' id='block_1_35' title="bbox 1287 1135 2283 3086">
    <p class='ocr_par' dir='ltr' id='par_1_36' title="bbox 1287 1135 2283 3086">
     <span class='ocr_line' id='line_1_54' title="bbox 1337 1135 2067 1238; baseline 0.01 -30"><span class='ocrx_word' id='word_1_224' title='bbox 1337 1137 1417 1230; x_wconf 90' lang='lat' dir='ltr'><strong>lpsa</strong></span> <span class='ocrx_word' id='word_1_225' title='bbox 1434 1140 1508 1210; x_wconf 88' lang='lat' dir='ltr'><strong>suis</strong></span> <span class='ocrx_word' id='word_1_226' title='bbox 1523 1135 1682 1212; x_wconf 90' lang='lat' dir='ltr'><strong>humeris</strong></span> <span class='ocrx_word' id='word_1_227' title='bbox 1696 1141 1835 1238; x_wconf 89' lang='lat' dir='ltr'><strong>Halcyo</strong></span> <span class='ocrx_word' id='word_1_228' title='bbox 1849 1159 1946 1234; x_wconf 87' lang='lat' dir='ltr'><strong>grata</strong></span> <span class='ocrx_word' id='word_1_229' title='bbox 1962 1145 2067 1234; x_wconf 84' lang='lat' dir='ltr'><strong>gerit:</strong></span> 
     </span>
     <span class='ocr_line' id='line_1_55' title="bbox 1287 1240 2193 1338; baseline 0.01 -26"><span class='ocrx_word' id='word_1_230' title='bbox 1287 1240 1348 1312; x_wconf 89' lang='lat' dir='ltr'><strong>Sic</strong></span> <span class='ocrx_word' id='word_1_231' title='bbox 1365 1243 1455 1312; x_wconf 91' lang='lat' dir='ltr'><strong>bene</strong></span> <span class='ocrx_word' id='word_1_232' title='bbox 1472 1244 1706 1335; x_wconf 89' lang='lat' dir='ltr'><strong>promeritum</strong></span> <span class='ocrx_word' id='word_1_233' title='bbox 1721 1243 1913 1316; x_wconf 89' lang='lat' dir='ltr'><strong>Doctorem</strong></span> <span class='ocrx_word' id='word_1_234' title='bbox 1928 1243 2083 1322; x_wconf 82' lang='lat' dir='ltr'><strong>Ecclesia</strong></span> <span class='ocrx_word' id='word_1_235' title='bbox 2099 1265 2193 1338; x_wconf 85' lang='lat' dir='ltr'><strong>curet,</strong></span> 
     </span>
     <span class='ocr_line' id='line_1_56' title="bbox 1338 1339 2015 1437; baseline 0.01 -23"><span class='ocrx_word' id='word_1_236' title='bbox 1338 1339 1388 1414; x_wconf 87' lang='lat' dir='ltr'><strong>Et</strong></span> <span class='ocrx_word' id='word_1_237' title='bbox 1401 1345 1495 1414; x_wconf 90' lang='lat' dir='ltr'><strong>levet</strong></span> <span class='ocrx_word' id='word_1_238' title='bbox 1509 1347 1632 1417; x_wconf 86' lang='lat' dir='ltr'><strong>aetatis</strong></span> <span class='ocrx_word' id='word_1_239' title='bbox 1648 1349 1805 1437; x_wconf 88' lang='lat' dir='ltr'><strong>pondera</strong></span> <span class='ocrx_word' id='word_1_240' title='bbox 1820 1351 1909 1419; x_wconf 88' lang='lat' dir='ltr'><strong>dura</strong></span> <span class='ocrx_word' id='word_1_241' title='bbox 1926 1350 2015 1424; x_wconf 89' lang='lat' dir='ltr'><strong>seni.</strong></span> 
     </span>
     <span class='ocr_line' id='line_1_57' title="bbox 1288 1445 2167 1549; baseline 0.005 -29"><span class='ocrx_word' id='word_1_242' title='bbox 1288 1447 1348 1520; x_wconf 90' lang='lat' dir='ltr'><strong>Sic</strong></span> <span class='ocrx_word' id='word_1_243' title='bbox 1362 1460 1424 1518; x_wconf 90' lang='lat' dir='ltr'><strong>tua</strong></span> <span class='ocrx_word' id='word_1_244' title='bbox 1440 1448 1606 1534; x_wconf 81' lang='lat' dir='ltr'><strong>canities,</strong></span> <span class='ocrx_word' id='word_1_245' title='bbox 1631 1445 1766 1520; x_wconf 87' lang='lat' dir='ltr'><strong>Ductor</strong></span> <span class='ocrx_word' id='word_1_246' title='bbox 1781 1449 1997 1538; x_wconf 87' lang='lat' dir='ltr'><strong>Pomerane,</strong></span> <span class='ocrx_word' id='word_1_247' title='bbox 2022 1453 2167 1549; x_wconf 85' lang='lat' dir='ltr'><strong>fidesque</strong></span> 
     </span>
     <span class='ocr_line' id='line_1_58' title="bbox 1339 1549 2107 1648; baseline 0.008 -26"><span class='ocrx_word' id='word_1_248' title='bbox 1339 1549 1485 1622; x_wconf 88' lang='lat' dir='ltr'><strong>Sincera</strong></span> <span class='ocrx_word' id='word_1_249' title='bbox 1502 1564 1553 1621; x_wconf 86' lang='lat' dir='ltr'><strong>est</strong></span> <span class='ocrx_word' id='word_1_250' title='bbox 1569 1553 1705 1622; x_wconf 85' lang='lat' dir='ltr'><strong>cunctis</strong></span> <span class='ocrx_word' id='word_1_251' title='bbox 1721 1553 1792 1622; x_wconf 91' lang='lat' dir='ltr'><strong>iam</strong></span> <span class='ocrx_word' id='word_1_252' title='bbox 1810 1556 2014 1624; x_wconf 85' lang='lat' dir='ltr'><strong>veneranda</strong></span> <span class='ocrx_word' id='word_1_253' title='bbox 2030 1556 2107 1648; x_wconf 86' lang='lat' dir='ltr'><strong>piis.</strong></span> 
     </span>
     <span class='ocr_line' id='line_1_59' title="bbox 1289 1650 2097 1747; baseline 0.009 -25"><span class='ocrx_word' id='word_1_254' title='bbox 1289 1650 1363 1742; x_wconf 86' lang='lat' dir='ltr'><strong>Qui</strong></span> <span class='ocrx_word' id='word_1_255' title='bbox 1380 1653 1504 1744; x_wconf 92' lang='lat' dir='ltr'><strong>procul</strong></span> <span class='ocrx_word' id='word_1_256' title='bbox 1521 1654 1674 1724; x_wconf 82' lang='lat' dir='ltr'><strong>externis</strong></span> <span class='ocrx_word' id='word_1_257' title='bbox 1687 1655 1846 1747; x_wconf 85' lang='lat' dir='ltr'><strong>sparsisti</strong></span> <span class='ocrx_word' id='word_1_258' title='bbox 1861 1657 1953 1727; x_wconf 89' lang='lat' dir='ltr'><strong>lidus</strong></span> <span class='ocrx_word' id='word_1_259' title='bbox 1969 1657 2009 1726; x_wconf 93' lang='lat' dir='ltr'><strong>in</strong></span> <span class='ocrx_word' id='word_1_260' title='bbox 2025 1659 2097 1729; x_wconf 89' lang='lat' dir='ltr'><strong>oris</strong></span> 
     </span>
     <span class='ocr_line' id='line_1_60' title="bbox 1339 1751 1976 1846; baseline 0.013 -22"><span class='ocrx_word' id='word_1_261' title='bbox 1339 1753 1434 1826; x_wconf 80' lang='lat' dir='ltr'><strong>Pure</strong></span> <span class='ocrx_word' id='word_1_262' title='bbox 1450 1751 1639 1846; x_wconf 82' lang='lat' dir='ltr'><strong>Evangelii</strong></span> <span class='ocrx_word' id='word_1_263' title='bbox 1654 1759 1789 1828; x_wconf 89' lang='lat' dir='ltr'><strong>semina</strong></span> <span class='ocrx_word' id='word_1_264' title='bbox 1804 1783 1889 1830; x_wconf 89' lang='lat' dir='ltr'><strong>voce</strong></span> <span class='ocrx_word' id='word_1_265' title='bbox 1903 1773 1976 1832; x_wconf 87' lang='lat' dir='ltr'><strong>tua.</strong></span> 
     </span>
     <span class='ocr_line' id='line_1_61' title="bbox 1288 1851 2131 1951; baseline 0.009 -24"><span class='ocrx_word' id='word_1_266' title='bbox 1288 1851 1342 1928; x_wconf 85' lang='lat' dir='ltr'><strong>Ae</strong></span> <span class='ocrx_word' id='word_1_267' title='bbox 1356 1881 1420 1928; x_wconf 90' lang='lat' dir='ltr'><strong>ceu</strong></span> <span class='ocrx_word' id='word_1_268' title='bbox 1435 1858 1611 1950; x_wconf 88' lang='lat' dir='ltr'><strong>Baptistes</strong></span> <span class='ocrx_word' id='word_1_269' title='bbox 1625 1882 1757 1950; x_wconf 89' lang='lat' dir='ltr'><strong>agnum</strong></span> <span class='ocrx_word' id='word_1_270' title='bbox 1774 1875 1971 1932; x_wconf 88' lang='lat' dir='ltr'><strong>monstrare</strong></span> <span class='ocrx_word' id='word_1_271' title='bbox 1986 1861 2131 1951; x_wconf 85' lang='lat' dir='ltr'><strong>solebat,</strong></span> 
     </span>
     <span class='ocr_line' id='line_1_62' title="bbox 1340 1956 2283 2053; baseline 0.013 -23"><span class='ocrx_word' id='word_1_272' title='bbox 1340 1957 1498 2032; x_wconf 88' lang='lat' dir='ltr'><strong>Aeterno</strong></span> <span class='ocrx_word' id='word_1_273' title='bbox 1514 1956 1698 2050; x_wconf 73' lang='lat' dir='ltr'><strong>Christum</strong></span> <span class='ocrx_word' id='word_1_274' title='bbox 1714 1965 1758 2033; x_wconf 89' lang='lat' dir='ltr'><strong>de</strong></span> <span class='ocrx_word' id='word_1_275' title='bbox 1772 1963 1932 2053; x_wconf 89' lang='lat' dir='ltr'><strong>genitore</strong></span> <span class='ocrx_word' id='word_1_276' title='bbox 1946 1977 2074 2039; x_wconf 89' lang='lat' dir='ltr'><strong>satum.</strong></span> <span class='ocrx_word' id='word_1_277' title='bbox 2282 1959 2283 2042; x_wconf 89' lang='lat' dir='ltr'><strong>l</strong></span> 
     </span>
     <span class='ocr_line' id='line_1_63' title="bbox 1289 2061 2283 2160; baseline 0.005 -26"><span class='ocrx_word' id='word_1_278' title='bbox 1289 2061 1349 2134; x_wconf 90' lang='lat' dir='ltr'><strong>Tu</strong></span> <span class='ocrx_word' id='word_1_279' title='bbox 1363 2087 1505 2157; x_wconf 88' lang='lat' dir='ltr'><strong>quoque</strong></span> <span class='ocrx_word' id='word_1_280' title='bbox 1525 2061 1674 2136; x_wconf 85' lang='lat' dir='ltr'><strong>iustifica</strong></span> <span class='ocrx_word' id='word_1_281' title='bbox 1688 2065 1842 2137; x_wconf 90' lang='lat' dir='ltr'><strong>docuisti</strong></span> <span class='ocrx_word' id='word_1_282' title='bbox 1857 2089 2048 2159; x_wconf 85' lang='lat' dir='ltr'><strong>agnoscere</strong></span> <span class='ocrx_word' id='word_1_283' title='bbox 2061 2063 2229 2153; x_wconf 86' lang='lat' dir='ltr'><strong>Christum,</strong></span> <span class='ocrx_word' id='word_1_284' title='bbox 2282 2069 2283 2160; x_wconf 25' lang='grc' dir='ltr'>ζ</span> 
     </span>
     <span class='ocr_line' id='line_1_64' title="bbox 1339 2161 2046 2267; baseline 0.014 -31"><span class='ocrx_word' id='word_1_285' title='bbox 1339 2161 1558 2267; x_wconf 76' lang='lat' dir='ltr'><strong>Aeternique</strong></span> <span class='ocrx_word' id='word_1_286' title='bbox 1571 2167 1682 2259; x_wconf 90' lang='lat' dir='ltr'><strong>patris</strong></span> <span class='ocrx_word' id='word_1_287' title='bbox 1698 2192 1837 2240; x_wconf 87' lang='lat' dir='ltr'><strong>sumere</strong></span> <span class='ocrx_word' id='word_1_288' title='bbox 1854 2171 1947 2242; x_wconf 91' lang='lat' dir='ltr'><strong>dona</strong></span> <span class='ocrx_word' id='word_1_289' title='bbox 1963 2171 2046 2246; x_wconf 87' lang='lat' dir='ltr'><strong>fide.</strong></span> 
     </span>
     <span class='ocr_line' id='line_1_65' title="bbox 1289 2265 2173 2364; baseline 0.012 -28"><span class='ocrx_word' id='word_1_290' title='bbox 1289 2265 1544 2362; x_wconf 85' lang='lat' dir='ltr'><strong>Fictilinmque</strong></span> <span class='ocrx_word' id='word_1_291' title='bbox 1560 2271 1646 2360; x_wconf 85' lang='lat' dir='ltr'><strong>alias</strong></span> <span class='ocrx_word' id='word_1_292' title='bbox 1663 2273 1795 2342; x_wconf 80' lang='lat' dir='ltr'><strong>formas</strong></span> <span class='ocrx_word' id='word_1_293' title='bbox 1813 2286 1870 2342; x_wconf 90' lang='lat' dir='ltr'><strong>tna</strong></span> <span class='ocrx_word' id='word_1_294' title='bbox 1885 2273 2010 2364; x_wconf 87' lang='lat' dir='ltr'><strong>lingua</strong></span> <span class='ocrx_word' id='word_1_295' title='bbox 2024 2273 2173 2346; x_wconf 88' lang='lat' dir='ltr'><strong>Deorum</strong></span> 
     </span>
     <span class='ocr_line' id='line_1_66' title="bbox 1339 2367 2283 2470; baseline 0.007 -30"><span class='ocrx_word' id='word_1_296' title='bbox 1339 2367 1499 2456; x_wconf 82' lang='lat' dir='ltr'><strong>Evertit,</strong></span> <span class='ocrx_word' id='word_1_297' title='bbox 1525 2369 1642 2464; x_wconf 90' lang='lat' dir='ltr'><strong>Papae</strong></span> <span class='ocrx_word' id='word_1_298' title='bbox 1659 2397 1746 2468; x_wconf 90' lang='lat' dir='ltr'><strong>quas</strong></span> <span class='ocrx_word' id='word_1_299' title='bbox 1762 2375 1908 2446; x_wconf 89' lang='lat' dir='ltr'><strong>voluere</strong></span> <span class='ocrx_word' id='word_1_300' title='bbox 1926 2377 2009 2446; x_wconf 89' lang='lat' dir='ltr'><strong>coli.</strong></span> <span class='ocrx_word' id='word_1_301' title='bbox 2282 2451 2283 2470; x_wconf 13' lang='grc' dir='ltr'>χ</span> 
     </span>
     <span class='ocr_line' id='line_1_67' title="bbox 1288 2467 2283 2574; baseline 0.007 -31"><span class='ocrx_word' id='word_1_302' title='bbox 1288 2467 1337 2544; x_wconf 87' lang='lat' dir='ltr'><strong>Et</strong></span> <span class='ocrx_word' id='word_1_303' title='bbox 1352 2473 1451 2546; x_wconf 88' lang='lat' dir='ltr'><strong>velut</strong></span> <span class='ocrx_word' id='word_1_304' title='bbox 1466 2475 1505 2544; x_wconf 94' lang='lat' dir='ltr'><strong>in</strong></span> <span class='ocrx_word' id='word_1_305' title='bbox 1518 2475 1672 2567; x_wconf 90' lang='lat' dir='ltr'><strong>scopulis</strong></span> <span class='ocrx_word' id='word_1_306' title='bbox 1690 2477 1800 2547; x_wconf 86' lang='lat' dir='ltr'><strong>celsos</strong></span> <span class='ocrx_word' id='word_1_307' title='bbox 1817 2477 1910 2550; x_wconf 93' lang='lat' dir='ltr'><strong>locat</strong></span> <span class='ocrx_word' id='word_1_308' title='bbox 1924 2476 2066 2574; x_wconf 91' lang='lat' dir='ltr'><strong>Haleyo</strong></span> <span class='ocrx_word' id='word_1_309' title='bbox 2083 2480 2185 2566; x_wconf 89' lang='lat' dir='ltr'><strong>nidos,</strong></span> <span class='ocrx_word' id='word_1_310' title='bbox 2282 2543 2283 2550; x_wconf 74' lang='grc'>,</span> 
     </span>
     <span class='ocr_line' id='line_1_68' title="bbox 1339 2573 2145 2674; baseline 0.01 -29"><span class='ocrx_word' id='word_1_311' title='bbox 1339 2573 1504 2672; x_wconf 88' lang='lat' dir='ltr'><strong>Hyberni</strong></span> <span class='ocrx_word' id='word_1_312' title='bbox 1521 2579 1653 2648; x_wconf 90' lang='lat' dir='ltr'><strong>circum</strong></span> <span class='ocrx_word' id='word_1_313' title='bbox 1670 2604 1759 2674; x_wconf 90' lang='lat' dir='ltr'><strong>qnos</strong></span> <span class='ocrx_word' id='word_1_314' title='bbox 1772 2579 1892 2651; x_wconf 86' lang='lat' dir='ltr'><strong>fremit</strong></span> <span class='ocrx_word' id='word_1_315' title='bbox 1907 2583 2008 2652; x_wconf 92' lang='lat' dir='ltr'><strong>unda</strong></span> <span class='ocrx_word' id='word_1_316' title='bbox 2026 2583 2145 2653; x_wconf 90' lang='lat' dir='ltr'><strong>maris:</strong></span> 
     </span>
     <span class='ocr_line' id='line_1_69' title="bbox 1290 2677 2118 2772; baseline 0.007 -22"><span class='ocrx_word' id='word_1_317' title='bbox 1290 2677 1351 2750; x_wconf 91' lang='lat' dir='ltr'><strong>Sic</strong></span> <span class='ocrx_word' id='word_1_318' title='bbox 1363 2680 1482 2750; x_wconf 89' lang='lat' dir='ltr'><strong>medio</strong></span> <span class='ocrx_word' id='word_1_319' title='bbox 1499 2680 1536 2750; x_wconf 93' lang='lat' dir='ltr'><strong>in</strong></span> <span class='ocrx_word' id='word_1_320' title='bbox 1554 2681 1677 2772; x_wconf 83' lang='lat' dir='ltr'><strong>pelago</strong></span> <span class='ocrx_word' id='word_1_321' title='bbox 1693 2683 1778 2752; x_wconf 83' lang='lat' dir='ltr'><strong>felix</strong></span> <span class='ocrx_word' id='word_1_322' title='bbox 1792 2683 1862 2752; x_wconf 88' lang='lat' dir='ltr'><strong>iarn</strong></span> <span class='ocrx_word' id='word_1_323' title='bbox 1876 2681 1996 2756; x_wconf 87' lang='lat' dir='ltr'><strong>Dania</strong></span> <span class='ocrx_word' id='word_1_324' title='bbox 2013 2685 2118 2756; x_wconf 87' lang='lat' dir='ltr'><strong>nidos</strong></span> 
     </span>
     <span class='ocr_line' id='line_1_70' title="bbox 1341 2777 2098 2879; baseline 0.007 -27"><span class='ocrx_word' id='word_1_325' title='bbox 1341 2777 1508 2854; x_wconf 82' lang='lat' dir='ltr'><strong>Extruxit</strong></span> <span class='ocrx_word' id='word_1_326' title='bbox 1525 2779 1688 2870; x_wconf 88' lang='lat' dir='ltr'><strong>Christo,</strong></span> <span class='ocrx_word' id='word_1_327' title='bbox 1714 2799 1749 2856; x_wconf 90' lang='lat' dir='ltr'><strong>te</strong></span> <span class='ocrx_word' id='word_1_328' title='bbox 1765 2785 1961 2858; x_wconf 87' lang='lat' dir='ltr'><strong>fabricante</strong></span> <span class='ocrx_word' id='word_1_329' title='bbox 1968 2838 1981 2870; x_wconf 89' lang='lat'><strong>,</strong></span> <span class='ocrx_word' id='word_1_330' title='bbox 2008 2788 2098 2879; x_wconf 90' lang='lat' dir='ltr'><strong>pios.</strong></span> 
     </span>
     <span class='ocr_line' id='line_1_71' title="bbox 1291 2881 2283 2986; baseline 0.008 -32"><span class='ocrx_word' id='word_1_331' title='bbox 1291 2882 1345 2955; x_wconf 89' lang='lat' dir='ltr'><strong>Te</strong></span> <span class='ocrx_word' id='word_1_332' title='bbox 1360 2881 1456 2956; x_wconf 90' lang='lat' dir='ltr'><strong>Deus</strong></span> <span class='ocrx_word' id='word_1_333' title='bbox 1472 2883 1538 2956; x_wconf 90' lang='lat' dir='ltr'><strong>hos</strong></span> <span class='ocrx_word' id='word_1_334' title='bbox 1554 2887 1648 2958; x_wconf 87' lang='lat' dir='ltr'><strong>inter</strong></span> <span class='ocrx_word' id='word_1_335' title='bbox 1661 2889 1747 2960; x_wconf 81' lang='lat' dir='ltr'><strong>texit</strong></span> <span class='ocrx_word' id='word_1_336' title='bbox 1764 2888 1925 2983; x_wconf 88' lang='lat' dir='ltr'><strong>iuvitque</strong></span> <span class='ocrx_word' id='word_1_337' title='bbox 1940 2891 2096 2977; x_wconf 86' lang='lat' dir='ltr'><strong>labores,</strong></span> <span class='ocrx_word' id='word_1_338' title='bbox 2282 2917 2283 2986; x_wconf 43' lang='grc' dir='ltr'><strong><em>ι</em></strong></span> 
     </span>
     <span class='ocr_line' id='line_1_72' title="bbox 1341 2985 2283 3086; baseline 0.011 -28"><span class='ocrx_word' id='word_1_339' title='bbox 1341 2985 1447 3058; x_wconf 88' lang='lat' dir='ltr'><strong>Nunc</strong></span> <span class='ocrx_word' id='word_1_340' title='bbox 1465 2989 1535 3059; x_wconf 89' lang='lat' dir='ltr'><strong>vita</strong></span> <span class='ocrx_word' id='word_1_341' title='bbox 1551 2990 1694 3062; x_wconf 86' lang='lat' dir='ltr'><strong>iunctus</strong></span> <span class='ocrx_word' id='word_1_342' title='bbox 1709 2991 1800 3061; x_wconf 88' lang='lat' dir='ltr'><strong>vivis</strong></span> <span class='ocrx_word' id='word_1_343' title='bbox 1815 2991 1853 3060; x_wconf 92' lang='lat' dir='ltr'><strong>in</strong></span> <span class='ocrx_word' id='word_1_344' title='bbox 1871 3017 1949 3062; x_wconf 91' lang='lat' dir='ltr'><strong>arce</strong></span> <span class='ocrx_word' id='word_1_345' title='bbox 1971 2993 2059 3086; x_wconf 90' lang='lat' dir='ltr'><strong>poli.</strong></span> <span class='ocrx_word' id='word_1_346' title='bbox 2282 2991 2283 3068; x_wconf 86' lang='lat' dir='ltr'><strong>l</strong></span> 
     </span>
    </p>
   </div>
   <div class='ocr_carea' id='block_1_36' title="bbox 1292 3309 1471 3388">
    <p class='ocr_par' dir='ltr' id='par_1_37' title="bbox 1292 3309 1471 3388">
     <span class='ocr_line' id='line_1_73' title="bbox 1292 3309 1471 3388; baseline 0.039 -6"><span class='ocrx_word' id='word_1_347' title='bbox 1292 3311 1357 3384; x_wconf 86' lang='lat' dir='ltr'><strong>No.</strong></span> <span class='ocrx_word' id='word_1_348' title='bbox 1383 3309 1471 3388; x_wconf 73' lang='lat'><strong>525.</strong></span> 
     </span>
    </p>
   </div>
   <div class='ocr_carea' id='block_1_37' title="bbox 1299 3411 1471 3441">
    <p class='ocr_par' dir='ltr' id='par_1_38' title="bbox 1299 3411 1471 3441">
     <span class='ocr_line' id='line_1_74' title="bbox 1299 3411 1471 3441; baseline -0.029 0"><span class='ocrx_word' id='word_1_349' title='bbox 1299 3411 1471 3441; x_wconf 56' lang='grc' dir='ltr'>Μ</span> 
     </span>
    </p>
   </div>
   <div class='ocr_carea' id='block_1_38' title="bbox 2120 3321 2283 3395">
    <p class='ocr_par' dir='ltr' id='par_1_39' title="bbox 2120 3321 2283 3395">
     <span class='ocr_line' id='line_1_75' title="bbox 2120 3321 2283 3395; baseline -0.037 -5"><span class='ocrx_word' id='word_1_350' title='bbox 2120 3352 2163 3395; x_wconf 83' lang='lat' dir='ltr'><strong>an.</strong></span> <span class='ocrx_word' id='word_1_351' title='bbox 2184 3323 2247 3390; x_wconf 76' lang='lat' dir='ltr'><strong>tots.</strong></span> <span class='ocrx_word' id='word_1_352' title='bbox 2282 3321 2283 3360; x_wconf 73' lang='lat' dir='ltr'><strong>t</strong></span> 
     </span>
    </p>
   </div>
   <div class='ocr_carea' id='block_1_39' title="bbox 2108 3415 2244 3448">
    <p class='ocr_par' dir='ltr' id='par_1_40' title="bbox 2108 3415 2244 3448">
     <span class='ocr_line' id='line_1_76' title="bbox 2108 3415 2244 3448; baseline -0.015 0"><span class='ocrx_word' id='word_1_353' title='bbox 2108 3415 2244 3448; x_wconf 53' lang='lat' dir='ltr'><em>w</em></span> 
     </span>
    </p>
   </div>
   <div class='ocr_carea' id='block_1_40' title="bbox 1374 3508 1605 3585">
    <p class='ocr_par' dir='ltr' id='par_1_41' title="bbox 1374 3508 1605 3585">
     <span class='ocr_line' id='line_1_77' title="bbox 1374 3508 1605 3585; baseline 0.009 -19"><span class='ocrx_word' id='word_1_354' title='bbox 1374 3511 1500 3572; x_wconf 86' lang='lat' dir='ltr'><strong>Vincent.</strong></span> <span class='ocrx_word' id='word_1_355' title='bbox 1518 3531 1546 3585; x_wconf 86' lang='lat' dir='ltr'><strong>p.</strong></span> <span class='ocrx_word' id='word_1_356' title='bbox 1560 3508 1605 3568; x_wconf 82' lang='grc'><strong>08.</strong></span> 
     </span>
    </p>
   </div>
   <div class='ocr_carea' id='block_1_41' title="bbox 1341 3657 2215 3776">
    <p class='ocr_par' dir='ltr' id='par_1_42' title="bbox 1341 3657 2215 3776">
     <span class='ocr_line' id='line_1_78' title="bbox 1341 3657 2215 3776; baseline -0.001 -28"><span class='ocrx_word' id='word_1_357' title='bbox 1341 3657 1570 3748; x_wconf 74' lang='lat' dir='ltr'><strong>(irationem</strong></span> <span class='ocrx_word' id='word_1_358' title='bbox 1585 3679 1687 3746; x_wconf 83' lang='lat' dir='ltr'><strong>ontio</strong></span> <span class='ocrx_word' id='word_1_359' title='bbox 1698 3697 1766 3768; x_wconf 83' lang='lat' dir='ltr'><strong>pro</strong></span> <span class='ocrx_word' id='word_1_360' title='bbox 1783 3673 1964 3776; x_wconf 80' lang='lat' dir='ltr'><strong>beneficio</strong></span> <span class='ocrx_word' id='word_1_361' title='bbox 1982 3683 2072 3756; x_wconf 87' lang='lat' dir='ltr'><strong>nati</strong></span> <span class='ocrx_word' id='word_1_362' title='bbox 2086 3679 2215 3754; x_wconf 71' lang='lat' dir='ltr'><strong>Christi.</strong></span> 
     </span>
    </p>
   </div>
   <div class='ocr_carea' id='block_1_42' title="bbox 1291 3823 2197 3924">
    <p class='ocr_par' dir='ltr' id='par_1_43' title="bbox 1291 3823 2197 3924">
     <span class='ocr_line' id='line_1_79' title="bbox 1291 3823 2197 3924; baseline 0.002 -27"><span class='ocrx_word' id='word_1_363' title='bbox 1291 3823 1532 3920; x_wconf 87' lang='lat' dir='ltr'><strong>Omnipotens</strong></span> <span class='ocrx_word' id='word_1_364' title='bbox 1549 3841 1691 3898; x_wconf 86' lang='lat' dir='ltr'><strong>aeterne</strong></span> <span class='ocrx_word' id='word_1_365' title='bbox 1707 3826 1824 3916; x_wconf 89' lang='lat' dir='ltr'><strong>Deus,</strong></span> <span class='ocrx_word' id='word_1_366' title='bbox 1851 3832 1914 3924; x_wconf 89' lang='lat' dir='ltr'><strong>qni</strong></span> <span class='ocrx_word' id='word_1_367' title='bbox 1929 3847 2059 3906; x_wconf 86' lang='lat' dir='ltr'><strong>cuncta</strong></span> <span class='ocrx_word' id='word_1_368' title='bbox 2075 3831 2197 3914; x_wconf 84' lang='lat' dir='ltr'><strong>creasti,</strong></span> 
     </span>
    </p>
   </div>
   <div class='ocr_carea' id='block_1_43' title="bbox 1281 3929 2177 4032">
    <p class='ocr_par' dir='ltr' id='par_1_44' title="bbox 1281 3929 2177 4032">
     <span class='ocr_line' id='line_1_80' title="bbox 1281 3929 2177 4032; baseline 0.004 -33"><span class='ocrx_word' id='word_1_369' title='bbox 1281 3929 1287 3936; x_wconf 84' lang='lat'>&#39;</span> <span class='ocrx_word' id='word_1_370' title='bbox 1339 3929 1468 4001; x_wconf 86' lang='lat' dir='ltr'><strong>Nostra</strong></span> <span class='ocrx_word' id='word_1_371' title='bbox 1488 3931 1550 4000; x_wconf 90' lang='lat' dir='ltr'><strong>tibi</strong></span> <span class='ocrx_word' id='word_1_372' title='bbox 1568 3935 1699 4020; x_wconf 84' lang='lat' dir='ltr'><strong>grates,</strong></span> <span class='ocrx_word' id='word_1_373' title='bbox 1725 3945 1888 4024; x_wconf 87' lang='lat' dir='ltr'><strong>pectora,</strong></span> <span class='ocrx_word' id='word_1_374' title='bbox 1914 3949 1949 4032; x_wconf 81' lang='lat' dir='ltr'><strong>et</strong></span> <span class='ocrx_word' id='word_1_375' title='bbox 1964 3961 2032 4007; x_wconf 88' lang='lat' dir='ltr'><strong>ora</strong></span> <span class='ocrx_word' id='word_1_376' title='bbox 2046 3948 2177 4008; x_wconf 89' lang='lat' dir='ltr'><strong>sonant.</strong></span> 
     </span>
    </p>
   </div>
   <div class='ocr_carea' id='block_1_44' title="bbox 1290 4027 2283 5562">
    <p class='ocr_par' dir='ltr' id='par_1_45' title="bbox 1291 4027 2283 4228">
     <span class='ocr_line' id='line_1_81' title="bbox 1291 4027 2283 4127; baseline 0.004 -25"><span class='ocrx_word' id='word_1_377' title='bbox 1291 4030 1399 4122; x_wconf 88' lang='lat' dir='ltr'><strong>Quod</strong></span> <span class='ocrx_word' id='word_1_378' title='bbox 1416 4057 1525 4124; x_wconf 91' lang='lat' dir='ltr'><strong>genus</strong></span> <span class='ocrx_word' id='word_1_379' title='bbox 1535 4027 1731 4104; x_wconf 88' lang='lat' dir='ltr'><strong>humanum</strong></span> <span class='ocrx_word' id='word_1_380' title='bbox 1743 4059 1817 4103; x_wconf 92' lang='lat' dir='ltr'><strong>non</strong></span> <span class='ocrx_word' id='word_1_381' title='bbox 1828 4037 1905 4106; x_wconf 90' lang='lat' dir='ltr'><strong>dira</strong></span> <span class='ocrx_word' id='word_1_382' title='bbox 1923 4038 1962 4106; x_wconf 93' lang='lat' dir='ltr'><strong>in</strong></span> <span class='ocrx_word' id='word_1_383' title='bbox 1977 4030 2251 4127; x_wconf 76' lang='lat' dir='ltr'><strong>moneretinquis</strong></span> <span class='ocrx_word' id='word_1_384' title='bbox 2282 4065 2283 4106; x_wconf 78' lang='lat' dir='ltr'><strong>t</strong></span> 
     </span>
     <span class='ocr_line' id='line_1_82' title="bbox 1341 4133 2059 4228; baseline 0.007 -22"><span class='ocrx_word' id='word_1_385' title='bbox 1341 4133 1576 4228; x_wconf 84' lang='lat' dir='ltr'><strong>Effigiemqne</strong></span> <span class='ocrx_word' id='word_1_386' title='bbox 1592 4149 1687 4206; x_wconf 89' lang='lat' dir='ltr'><strong>tuam</strong></span> <span class='ocrx_word' id='word_1_387' title='bbox 1704 4159 1778 4206; x_wconf 90' lang='lat' dir='ltr'><strong>non</strong></span> <span class='ocrx_word' id='word_1_388' title='bbox 1793 4139 1938 4228; x_wconf 89' lang='lat' dir='ltr'><strong>periisse</strong></span> <span class='ocrx_word' id='word_1_389' title='bbox 1956 4141 2059 4211; x_wconf 88' lang='lat' dir='ltr'><strong>sinis.</strong></span> 
     </span>
    </p>

    <p class='ocr_par' dir='ltr' id='par_1_46' title="bbox 1291 4219 2283 4440">
     <span class='ocr_line' id='line_1_83' title="bbox 1291 4219 2283 4332; baseline 0.002 -22"><span class='ocrx_word' id='word_1_390' title='bbox 1291 4237 1362 4310; x_wconf 89' lang='lat' dir='ltr'><strong>Sed</strong></span> <span class='ocrx_word' id='word_1_391' title='bbox 1378 4251 1524 4329; x_wconf 87' lang='lat' dir='ltr'><strong>gnatum</strong></span> <span class='ocrx_word' id='word_1_392' title='bbox 1541 4241 1673 4322; x_wconf 88' lang='lat' dir='ltr'><strong>donas,</strong></span> <span class='ocrx_word' id='word_1_393' title='bbox 1699 4239 1761 4332; x_wconf 88' lang='lat' dir='ltr'><strong>qui</strong></span> <span class='ocrx_word' id='word_1_394' title='bbox 1779 4255 1920 4311; x_wconf 92' lang='lat' dir='ltr'><strong>nostros</strong></span> <span class='ocrx_word' id='word_1_395' title='bbox 1937 4243 2063 4314; x_wconf 92' lang='lat' dir='ltr'><strong>induit</strong></span> <span class='ocrx_word' id='word_1_396' title='bbox 2079 4257 2179 4328; x_wconf 90' lang='lat' dir='ltr'><strong>artus,</strong></span> <span class='ocrx_word' id='word_1_397' title='bbox 2282 4219 2283 4296; x_wconf 85' lang='lat' dir='ltr'><strong>l</strong></span> 
     </span>
     <span class='ocr_line' id='line_1_84' title="bbox 1341 4334 2283 4440; baseline 0.008 -28"><span class='ocrx_word' id='word_1_398' title='bbox 1341 4336 1409 4413; x_wconf 90' lang='grc' dir='ltr'><strong>τὸν</strong></span> <span class='ocrx_word' id='word_1_399' title='bbox 1431 4334 1543 4438; x_wconf 76' lang='grc' dir='ltr'><strong><em>λόγον</em></strong></span> <span class='ocrx_word' id='word_1_400' title='bbox 1569 4335 1694 4412; x_wconf 79' lang='grc' dir='ltr'>ἀϊδίου</span> <span class='ocrx_word' id='word_1_401' title='bbox 1717 4338 1857 4436; x_wconf 81' lang='grc' dir='ltr'><strong><em>πατρὸς</em></strong></span> <span class='ocrx_word' id='word_1_402' title='bbox 1878 4337 2150 4440; x_wconf 78' lang='grc' dir='ltr'><strong><em>ὑφιστάμενον.</em></strong></span> <span class='ocrx_word' id='word_1_403' title='bbox 2282 4335 2283 4348; x_wconf 55' lang='grc'>’</span> 
     </span>
    </p>

    <p class='ocr_par' dir='ltr' id='par_1_47' title="bbox 1290 4443 2283 4635">
     <span class='ocr_line' id='line_1_85' title="bbox 1290 4443 2283 4536; baseline 0.005 -23"><span class='ocrx_word' id='word_1_404' title='bbox 1290 4443 1360 4513; x_wconf 83' lang='grc' dir='ltr'><strong>Ηὶο</strong></span> <span class='ocrx_word' id='word_1_405' title='bbox 1377 4456 1428 4513; x_wconf 87' lang='lat' dir='ltr'><strong>est</strong></span> <span class='ocrx_word' id='word_1_406' title='bbox 1448 4443 1644 4534; x_wconf 89' lang='lat' dir='ltr'><strong>promissus</strong></span> <span class='ocrx_word' id='word_1_407' title='bbox 1664 4443 1824 4534; x_wconf 88' lang='lat' dir='ltr'><strong>patribus</strong></span> <span class='ocrx_word' id='word_1_408' title='bbox 1842 4449 2058 4536; x_wconf 86' lang='lat' dir='ltr'><strong>cognomine</strong></span> <span class='ocrx_word' id='word_1_409' title='bbox 2071 4443 2178 4532; x_wconf 92' lang='lat' dir='ltr'><strong>Siloh,</strong></span> <span class='ocrx_word' id='word_1_410' title='bbox 2282 4487 2283 4512; x_wconf 62' lang='grc' dir='ltr'><strong><em>ι</em></strong></span> 
     </span>
     <span class='ocr_line' id='line_1_86' title="bbox 1343 4544 1993 4635; baseline 0.012 -21"><span class='ocrx_word' id='word_1_411' title='bbox 1343 4544 1478 4616; x_wconf 88' lang='lat' dir='ltr'><strong>lsacide</strong></span> <span class='ocrx_word' id='word_1_412' title='bbox 1491 4560 1615 4635; x_wconf 87' lang='lat' dir='ltr'><strong>gnatos</strong></span> <span class='ocrx_word' id='word_1_413' title='bbox 1632 4557 1672 4615; x_wconf 86' lang='lat' dir='ltr'><strong>ut</strong></span> <span class='ocrx_word' id='word_1_414' title='bbox 1688 4547 1860 4616; x_wconf 89' lang='lat' dir='ltr'><strong>moriture</strong></span> <span class='ocrx_word' id='word_1_415' title='bbox 1875 4551 1993 4624; x_wconf 89' lang='lat' dir='ltr'><strong>doces.</strong></span> 
     </span>
    </p>

    <p class='ocr_par' dir='ltr' id='par_1_48' title="bbox 1290 4629 2283 4778">
     <span class='ocr_line' id='line_1_87' title="bbox 1290 4641 2252 4745; baseline -0.003 -25"><span class='ocrx_word' id='word_1_416' title='bbox 1290 4648 1453 4742; x_wconf 76' lang='lat' dir='ltr'><strong>Namq&#39;ne</strong></span> <span class='ocrx_word' id='word_1_417' title='bbox 1487 4662 1561 4719; x_wconf 87' lang='lat' dir='ltr'><strong>erat</strong></span> <span class='ocrx_word' id='word_1_418' title='bbox 1595 4642 1655 4717; x_wconf 92' lang='lat' dir='ltr'><strong>hic</strong></span> <span class='ocrx_word' id='word_1_419' title='bbox 1679 4641 1800 4745; x_wconf 78' lang='grc' dir='ltr'><strong><em>χορίῳ</em></strong></span> <span class='ocrx_word' id='word_1_420' title='bbox 1825 4649 1972 4740; x_wconf 89' lang='lat' dir='ltr'><strong>similis,</strong></span> <span class='ocrx_word' id='word_1_421' title='bbox 2006 4669 2146 4738; x_wconf 90' lang='lat' dir='ltr'><strong>tenera,</strong></span> <span class='ocrx_word' id='word_1_422' title='bbox 2175 4659 2252 4738; x_wconf 84' lang='lat' dir='ltr'><strong>atque</strong></span> 
     </span>
    </p>

    <p class='ocr_par' dir='ltr' id='par_1_49' title="bbox 1812 4769 1957 4824">
     <span class='ocr_line' id='line_1_88' title="bbox 1812 4769 1957 4824; baseline 0.028 -4"><span class='ocrx_word' id='word_1_423' title='bbox 1812 4769 1957 4824; x_wconf 83' lang='lat' dir='ltr'><strong>cruenta</strong></span> 
     </span>
    </p>

    <p class='ocr_par' dir='ltr' id='par_1_50' title="bbox 1341 4851 2086 4948">
     <span class='ocr_line' id='line_1_89' title="bbox 1341 4851 2086 4948; baseline 0.008 -25"><span class='ocrx_word' id='word_1_424' title='bbox 1341 4851 1464 4923; x_wconf 82' lang='lat' dir='ltr'><strong>Fascia</strong></span> <span class='ocrx_word' id='word_1_425' title='bbox 1481 4877 1548 4946; x_wconf 88' lang='lat' dir='ltr'><strong>pro</strong></span> <span class='ocrx_word' id='word_1_426' title='bbox 1564 4853 1668 4922; x_wconf 91' lang='lat' dir='ltr'><strong>nohis</strong></span> <span class='ocrx_word' id='word_1_427' title='bbox 1684 4853 1825 4924; x_wconf 89' lang='lat' dir='ltr'><strong>victima</strong></span> <span class='ocrx_word' id='word_1_428' title='bbox 1843 4857 1988 4948; x_wconf 88' lang='lat' dir='ltr'><strong>qnando</strong></span> <span class='ocrx_word' id='word_1_429' title='bbox 2005 4859 2086 4930; x_wconf 83' lang='lat' dir='ltr'><strong>fuit.</strong></span> 
     </span>
    </p>

    <p class='ocr_par' dir='ltr' id='par_1_51' title="bbox 1290 4947 2254 5154">
     <span class='ocr_line' id='line_1_90' title="bbox 1290 4947 2254 5050; baseline 0.002 -23"><span class='ocrx_word' id='word_1_430' title='bbox 1290 4954 1452 5050; x_wconf 89' lang='lat' dir='ltr'><strong>Cumque</strong></span> <span class='ocrx_word' id='word_1_431' title='bbox 1474 4957 1518 5028; x_wconf 90' lang='lat' dir='ltr'><strong>sit</strong></span> <span class='ocrx_word' id='word_1_432' title='bbox 1531 4951 1729 5042; x_wconf 89' lang='lat' dir='ltr'><strong>Emanuel,</strong></span> <span class='ocrx_word' id='word_1_433' title='bbox 1755 4981 1830 5027; x_wconf 91' lang='lat' dir='ltr'><strong>non</strong></span> <span class='ocrx_word' id='word_1_434' title='bbox 1855 4972 1994 5030; x_wconf 88' lang='lat' dir='ltr'><strong>tantum</strong></span> <span class='ocrx_word' id='word_1_435' title='bbox 2014 4960 2160 5030; x_wconf 88' lang='lat' dir='ltr'><strong>crimina</strong></span> <span class='ocrx_word' id='word_1_436' title='bbox 2174 4947 2254 5028; x_wconf 81' lang='lat' dir='ltr'><strong>toln</strong></span> 
     </span>
     <span class='ocr_line' id='line_1_91' title="bbox 1343 5055 2076 5154; baseline 0.007 -26"><span class='ocrx_word' id='word_1_437' title='bbox 1343 5055 1485 5128; x_wconf 89' lang='lat' dir='ltr'><strong>Gaudia</strong></span> <span class='ocrx_word' id='word_1_438' title='bbox 1500 5059 1561 5128; x_wconf 92' lang='lat' dir='ltr'><strong>sed</strong></span> <span class='ocrx_word' id='word_1_439' title='bbox 1579 5059 1697 5128; x_wconf 90' lang='lat' dir='ltr'><strong>reddit</strong></span> <span class='ocrx_word' id='word_1_440' title='bbox 1712 5084 1786 5129; x_wconf 92' lang='lat' dir='ltr'><strong>non</strong></span> <span class='ocrx_word' id='word_1_441' title='bbox 1803 5062 1976 5132; x_wconf 89' lang='lat' dir='ltr'><strong>moritura</strong></span> <span class='ocrx_word' id='word_1_442' title='bbox 1994 5063 2076 5154; x_wconf 88' lang='lat' dir='ltr'><strong>piis.</strong></span> 
     </span>
    </p>

    <p class='ocr_par' dir='ltr' id='par_1_52' title="bbox 1290 5160 2283 5362">
     <span class='ocr_line' id='line_1_92' title="bbox 1290 5160 2230 5256; baseline 0.009 -25"><span class='ocrx_word' id='word_1_443' title='bbox 1290 5160 1440 5252; x_wconf 87' lang='lat' dir='ltr'><strong>Semper</strong></span> <span class='ocrx_word' id='word_1_444' title='bbox 1456 5164 1555 5231; x_wconf 88' lang='lat' dir='ltr'><strong>adest</strong></span> <span class='ocrx_word' id='word_1_445' title='bbox 1570 5161 1693 5248; x_wconf 88' lang='lat' dir='ltr'><strong>nobis,</strong></span> <span class='ocrx_word' id='word_1_446' title='bbox 1717 5187 1855 5255; x_wconf 90' lang='lat' dir='ltr'><strong>semper</strong></span> <span class='ocrx_word' id='word_1_447' title='bbox 1877 5163 1947 5234; x_wconf 89' lang='lat' dir='ltr'><strong>sibi</strong></span> <span class='ocrx_word' id='word_1_448' title='bbox 1963 5165 2101 5256; x_wconf 91' lang='lat' dir='ltr'><strong>colligit</strong></span> <span class='ocrx_word' id='word_1_449' title='bbox 2115 5179 2230 5252; x_wconf 62' lang='lat' dir='ltr'><strong>agmen,</strong></span> 
     </span>
     <span class='ocr_line' id='line_1_93' title="bbox 1341 5254 2283 5362; baseline 0.002 -28"><span class='ocrx_word' id='word_1_450' title='bbox 1341 5259 1490 5334; x_wconf 86' lang='lat' dir='ltr'><strong>Aeterni</strong></span> <span class='ocrx_word' id='word_1_451' title='bbox 1504 5254 1613 5362; x_wconf 76' lang='grc' dir='ltr'><strong><em>λόγος</em></strong></span> <span class='ocrx_word' id='word_1_452' title='bbox 1628 5257 1706 5350; x_wconf 84' lang='grc' dir='ltr'><strong>1ιίε,</strong></span> <span class='ocrx_word' id='word_1_453' title='bbox 1731 5265 1811 5335; x_wconf 87' lang='lat' dir='ltr'><strong>viva</strong></span> <span class='ocrx_word' id='word_1_454' title='bbox 1828 5279 1862 5336; x_wconf 90' lang='lat' dir='ltr'><strong>et</strong></span> <span class='ocrx_word' id='word_1_455' title='bbox 1879 5267 1996 5357; x_wconf 86' lang='lat' dir='ltr'><strong>imago</strong></span> <span class='ocrx_word' id='word_1_456' title='bbox 2014 5265 2133 5360; x_wconf 89' lang='lat' dir='ltr'><strong>patris.</strong></span> <span class='ocrx_word' id='word_1_457' title='bbox 2282 5337 2283 5358; x_wconf 28' lang='lat'>1</span> 
     </span>
    </p>

    <p class='ocr_par' dir='ltr' id='par_1_53' title="bbox 1291 5359 2283 5562">
     <span class='ocr_line' id='line_1_94' title="bbox 1291 5359 2283 5451; baseline 0.002 -15"><span class='ocrx_word' id='word_1_458' title='bbox 1291 5361 1326 5436; x_wconf 92' lang='grc'><strong>0</strong></span> <span class='ocrx_word' id='word_1_459' title='bbox 1342 5390 1396 5435; x_wconf 90' lang='lat' dir='ltr'><strong>res</strong></span> <span class='ocrx_word' id='word_1_460' title='bbox 1411 5367 1610 5451; x_wconf 87' lang='lat' dir='ltr'><strong>mirandas,</strong></span> <span class='ocrx_word' id='word_1_461' title='bbox 1636 5367 1799 5438; x_wconf 90' lang='lat' dir='ltr'><strong>mirando</strong></span> <span class='ocrx_word' id='word_1_462' title='bbox 1815 5369 1956 5439; x_wconf 86' lang='lat' dir='ltr'><strong>foedere</strong></span> <span class='ocrx_word' id='word_1_463' title='bbox 1972 5369 2094 5440; x_wconf 89' lang='lat' dir='ltr'><strong>iuncta</strong></span> <span class='ocrx_word' id='word_1_464' title='bbox 2110 5381 2156 5438; x_wconf 89' lang='lat' dir='ltr'><strong>est</strong></span> <span class='ocrx_word' id='word_1_465' title='bbox 2282 5359 2283 5364; x_wconf 8' lang='grc' dir='ltr'>ἵ</span> 
     </span>
     <span class='ocr_line' id='line_1_95' title="bbox 1341 5467 2075 5562; baseline 0.006 -20"><span class='ocrx_word' id='word_1_466' title='bbox 1341 5467 1502 5542; x_wconf 90' lang='lat' dir='ltr'><strong>Humani</strong></span> <span class='ocrx_word' id='word_1_467' title='bbox 1516 5469 1655 5562; x_wconf 89' lang='lat' dir='ltr'><strong>generis</strong></span> <span class='ocrx_word' id='word_1_468' title='bbox 1670 5469 1839 5562; x_wconf 88' lang='lat' dir='ltr'><strong>languida</strong></span> <span class='ocrx_word' id='word_1_469' title='bbox 1857 5496 1971 5544; x_wconf 86' lang='lat' dir='ltr'><strong>massa</strong></span> <span class='ocrx_word' id='word_1_470' title='bbox 1986 5471 2075 5546; x_wconf 82' lang='lat' dir='ltr'><strong>Deo.</strong></span> 
     </span>
    </p>
   </div>
   <div class='ocr_carea' id='block_1_45' title="bbox 0 0 2328 6176">
    <p class='ocr_par' dir='ltr' id='par_1_54' title="bbox 0 0 2328 6176">
     <span class='ocr_line' id='line_1_96' title="bbox 0 0 2328 6176; baseline 0 0"><span class='ocrx_word' id='word_1_471' title='bbox 0 0 2328 6176; x_wconf 95' lang='lat' dir='ltr'><strong> </strong></span> 
     </span>
    </p>
   </div>
  </div>
 </body>
</html>
