4638 6176
613 1671 1649 1806 rnnnnouunnn'

951 2001 1180 2012 -.-..-.........

59 2332 496 2552 &quagiqrqi'amlelautbeuis
526 2377 675 2460 epistolia
705 2388 739 2444 et
760 2375 957 2442 carminibus
978 2377 1041 2444 iam
1063 2375 1287 2464 progredimur
1308 2379 1350 2444 ad
1373 2381 1521 2448 eiusdem
1544 2383 1727 2473 erutiones,
1762 2411 1845 2474 quae
1868 2399 1997 2480 quidem
2020 2409 2100 2474 verti

190 2579 337 2647 Prirrarraa
365 2581 450 2644 enim
476 2581 637 2644 habemns
665 2579 865 2666 pausationes
893 2578 1116 2656 academicus,
1152 2600 1174 2645 a
1196 2582 1410 2647 Melanthum
1431 2585 1640 2652 scholasticis
1669 2589 1711 2654 ad
1732 2595 1932 2664 recitandum
1955 2607 2089 2674 traditas

61 2673 136 2738 llos
158 2670 283 2769 eratin
306 2666 501 2768 Academia,
532 2677 567 2730 ut
594 2667 638 2764 iis
657 2667 713 2748 qui
735 2666 871 2749 madum
894 2664 1060 2729 doctorum
1090 2677 1257 2750 peterent,
1285 2687 1306 2731 a
1326 2669 1543 2750 scholastico,
1576 2691 1678 2758 saepe
1698 2695 1799 2758 puero
1821 2683 1882 2764 (eo
1904 2689 1988 2752 enim
2008 2655 2099 2758 tem:

60 2777 138 2844 pere
161 2774 253 2840 puerr
275 2771 405 2840 queque
430 2774 461 2816 ιιι
484 2751 663 2816 Academia
684 2753 787 2814 literis
810 2771 942 2834 operam
965 2751 1105 2836 dabant)
1127 2755 1276 2834 quaestio
1297 2765 1549 2838 preponeretur,
1580 2759 1741 2843 adquam
1770 2777 1827 2830 aut
1856 2779 2054 2852 promurend
2079 2799 2098 2846 s

59 2851 148 2929 ipse,
184 2852 242 2906 aut
269 2844 366 2904 etiam
393 2839 539 2904 Praesas
566 2838 793 2920 disputationis
821 2836 1049 2920 respondebat.
1100 2837 1278 2902 Praeterea
1304 2843 1368 2904 iarn
1396 2859 1480 2906 anne
1506 2842 1599 2910 teau
1622 2847 1802 2918 Academia
1830 2853 1939 2939 legem
1967 2802 2085 2930 tulerit

60 2943 120 3015 „ut
142 2927 282 3013 singulis
303 2927 471 2990 mensibus
493 2923 763 2990 declamaretur”.
809 2921 884 2988 Vid.
907 2923 1001 3006 epist.
1020 2921 1096 2988 Vol.
1119 2926 1143 2986 l.
1165 2945 1196 3006 p.
1209 2923 1284 2990 737.
1336 2923 1465 3006 Quanta
1492 2927 1597 2992 iudicii
1623 2935 1801 3000 subtilitate
1823 2939 2014 3012 Melanthea
2036 2914 2097 3016 ιμ’

60 3025 215 3101 permuta
237 3014 463 3096 quaestionum
485 3011 641 3095 elegerit,
675 3029 730 3074 res
757 3011 830 3092 ipsa
851 3007 965 3093 docet,
993 3027 1091 3094 quum
1114 3011 1325 3093 quaestiones
1355 3014 1571 3098 gravissimae
1593 3034 1696 3102 saepe
1717 3041 1773 3086 res
1796 3035 1936 3094 tractent
1983 3048 2059 3102 nost

60 3119 189 3188 quoque
210 3109 320 3164 aetate
341 3097 426 3162 omni
447 3097 706 3162 consideratione
728 3094 855 3179 dignas.
1941 3077 1953 3114 '
2060 3058 2096 3104 '⁸

189 3212 336 3316 Secundo
357 3215 431 3278 loeo
452 3214 620 3298 posuimus
642 3210 753 3288 brente
775 3211 940 3278 cencium
962 3231 1006 3277 ex
1027 3211 1184 3280 cathedra
1205 3209 1353 3296 habitas,
1384 3215 1415 3278 in
1438 3215 1709 3300 disputationibus
1730 3225 1868 3308 puhlicis
1913 3251 1998 3316 quas
2021 3253 2098 3306 suns

59 3305 113 3368 rel
143 3303 302 3384 alloquia,
330 3301 386 3362 vel
413 3302 587 3384 petitiones
608 3299 649 3364 ad
672 3299 843 3381 Decanos,
875 3297 929 3360 vel
952 3299 1127 3383 gratiarum
1150 3299 1316 3382 actiones,
1350 3301 1404 3363 vel
1426 3301 1546 3366 breves
1566 3303 1715 3372 Raetoris
1737 3276 1938 3380 Acadcniiae
1959 3339 2095 3388 ceneto.

60 3408 122 3455 nes
145 3390 276 3452 habitae
297 3387 350 3450 vel
372 3396 449 3449 ante
471 3387 526 3450 vel
550 3395 624 3469 post
645 3387 817 3450 lectionem
840 3387 950 3466 legum
974 3384 1185 3448 Academiae.
1228 3384 1396 3448 lliusmodi
1418 3389 1592 3453 conciones
1614 3394 1733 3457 multas
1756 3402 1887 3482 scripsit
1903 3403 2094 3476 blelanthon

59 3491 93 3542 et
115 3473 325 3540 scholasticis
347 3482 381 3536 et
403 3469 607 3553 doctoribus,
635 3473 810 3556 praecipue
833 3471 1054 3554 Principibus,
1083 3469 1266 3534 comitibus
1289 3481 1323 3535 et
1344 3469 1519 3536 Nobilibus
1544 3477 1626 3538 inter
1648 3479 1868 3549 scholasticos
1914 3492 2030 3571 quihus
2051 3516 2096 3560 ex

58 3581 149 3628 more
179 3561 265 3624 illiue
293 3557 448 3640 temperis
476 3575 624 3622 summus
652 3559 862 3642 magistratus
888 3559 918 3619 in
941 3556 1119 3620 Academia
1147 3557 1280 3620 horteris
1307 3575 1409 3620 causa
1438 3575 1540 3642 saepe
1568 3561 1764 3632 tradebatur.
1786 3603 1829 3618 -
1872 3534 2014 3642 ildiunxi
2043 3581 2096 3646 bis

57 3647 268 3714 commonibus
286 3645 383 3708 etiam
403 3644 498 3728 leges
520 3662 549 3706 s.
570 3653 695 3708 statuta
715 3642 914 3706 Academiae
937 3663 958 3706 a
978 3643 1193 3706 Melanthunc
1214 3644 1345 3726 scripta

57 3859 63 3870 ·
191 3759 303 3864 q‘min
333 3761 405 3824 loce
433 3759 530 3862 posui
557 3755 822 3860 deqlqmult'ertee,
840 3761 968 3860 publice
996 3761 1167 3842 recitatas,
1185 3761 1223 3860 i.
1246 3779 1275 3822 o.
1299 3761 1463 3860 orationes
1484 3761 1693 3850 prolixiores,
1722 3785 1805 3849 quas
1826 3771 2017 3840 hlelantben
2040 3783 2094 3844 vel

57 3873 130 3940 ¹⁹⁸⁰
153 3844 1235 4020 tullitlibili.¹¹⁰¹.”.¹lllll'lllttrlll.*utilit
1251 3845 1647 3997 ltilllltdlll‘l'
1667 3853 1815 3998 l'²‘¹⁵³¹*‘’
1842 3868 1877 3922 ⁰²
1899 3881 1963 3962 ⁰⁰¹¹·
1986 3865 2093 3968 '⁰¹⁰³‘

57 3945 266 4122 {22:30qu
292 4017 354 4080 aed
383 4019 481 4082 etiam
509 3977 549 4118 in,
570 4018 641 4080 aliis
663 4017 861 4080 Academiis.
910 4017 1000 4079 Vera
1022 3977 1106 4079 e’nim
1129 3978 1228 4099 eunt:
1257 4035 1343 4102 quae
1363 3953 1565 4081 Lcnren'tirii
1583 3941 2093 4100 ioriieii'elrrindirrciitiirmriiatiiiie

60 4115 103 4179 d,
125 4110 274 4192 Philippo
296 4103 388 4186 blot,
408 4123 492 4186 quae
514 4112 636 4168 inserta
657 4113 710 4166 est
732 4101 893 4166 herenei
914 4103 1110 4166 erationibus
1133 4102 1175 4166 de
1195 4103 1329 4169 Veteris
1351 4103 1524 4168 Ecclesiae
1546 4108 1776 4174 certaminibus
1797 4131 1829 4196 p.
1843 4113 1927 4180 474:

144 4224 300 4307 „l’ahliee
322 4221 496 4300 recitanda,
518 4221 734 4304 proponenda,
762 4217 951 4301 disputanda
973 4218 1059 4282 solus
1083 4217 1138 4282 ille
1162 4219 1300 4300 scripsit.
1343 4218 1481 4304 Collegis
1503 4221 1601 4286 multe
1624 4226 1842 4308 praescripsit,
1866 4249 1963 4310 neque
1984 4233 2015 4296 id
2039 4237 2095 4300 de.

144 4323 210 4395 „ctr
233 4321 262 4374 et
285 4308 344 4388 ipsi
367 4308 427 4370 riri
449 4316 537 4386 torpa
560 4307 618 4368 sibi
643 4314 799 4388 putarunt.
838 4304 882 4368 1).
906 4303 1086 4385 Zieglerus,
1116 4305 1231 4368 nobilis
1253 4307 1378 4385 liuguae
1400 4308 1487 4370 hebr.
1512 4307 1690 4390 prolatam,
1721 4313 1832 4392 Lipsia
1853 4333 1946 4397 saepe
1967 4319 2093 4388 veniens

144 4398 380 4480 „Vitehergerm
416 4396 523 4474 petivit
551 4391 611 4456 sibi
642 4392 788 4455 lectiones
818 4399 847 4452 et
876 4390 1031 4455 orationes
1062 4391 1251 4470 praescribi,
1286 4401 1314 4454 et
1340 4393 1438 4456 musei
1460 4391 1580 4457 loribus
1602 4397 1735 4478 assedit,
1764 4417 1803 4460 ue
1824 4401 1891 4480 quis
1911 4405 2095 4474 scribentem

145 4481 393 4580 „interpellaret
437 4480 475 4544 l).
498 4477 664 4559 crucigero
688 4475 888 4558 praescripsit
909 4477 1167 4540 commentarium
1190 4479 1222 4540 ia
1245 4475 1409 4540 lobeuneru
1432 4477 1465 4542 iu
1487 4479 1617 4542 lectione
1640 4481 1740 4564 ipsius
1759 4483 1903 4567 Lntberi,
1924 4490 2097 4558 Freeaebe.

145 4572 212 4654 „lie
234 4571 361 4634 diacono
383 4585 416 4627 ιιι
439 4566 643 4631 Matthaeuru.
686 4563 725 4628 ll.
741 4563 900 4643 Milichie,
927 4563 994 4624 rire
1016 4561 1282 4644 praestantissime
1305 4563 1338 4625 ia
1359 4566 1525 4628 seeundum
1548 4564 1651 4630 Plinii.
1693 4567 1986 4655 Chytraeeregalas
2005 4581 2086 4645 vim

143 4656 286 4740 „Sabino
315 4649 522 4733 mythologiar
552 4651 585 4714 ia
615 4649 848 4731 metamorphos.
872 4647 985 4714 0ridii.
1029 4649 1066 4712 ll.
1089 4647 1235 4730 lilingis,
1266 4649 1503 4736 iurisconsultc,
1530 4651 1607 4714 iuris
1628 4653 1809 4722 methodum.
1864 4629 2096 4730 contempni

143 4747 536 4824 „huguetaaauqraecam
552 4736 691 4804 Dolseio.
724 4735 1377 4817 OrationesmaltisiuacademiaLipeica,
1398 4736 1678 4820 Fraueoiortinua,
1701 4739 1915 4810 llesteebiana
1954 4747 2096 4834 Grypbs·

143 4829 335 4910 „rrnidiaua
378 4825 459 4890 dliis
481 4824 547 4888 alia
569 4823 842 4888 innumerabilia”.
1920 4793 1931 4828 ’

61 4952 159 5018 llaec
187 4945 361 5012 vanmime
390 4941 477 5008 dicta
505 4959 584 5007 esse
612 4961 656 5006 ex
685 4939 833 5024 epistolis
854 4937 1077 5004 Melanthouis
1106 4937 1194 5003 clare
1215 4935 1419 5024 perspicitur.
1472 4937 1591 5024 Neque
1614 4944 1699 5008 enim
1722 4943 1913 5014 hlelantbon
1937 4951 2043 5018 solum
2065 4957 2096 5020 iu

63 5041 164 5139 rebus
186 5031 382 5116 theologicis
405 5029 523 5094 doctus
545 5037 633 5111 erat,
660 5025 721 5092 sed
744 5029 849 5126 etiam·
864 5027 947 5090 bene
968 5033 1123 5125 versatus
1150 5025 1183 5088 ln
1205 5025 1477 5110 lurisprudeutia,
1506 5025 1687 5108 Medicina,
1714 5029 1877 5116 Physica,
1904 5036 2097 5106 Mortem.

61 5137 147 5202 trca,
178 5136 361 5206 quanquam
383 5133 404 5180 a
425 5133 506 5178 vero
534 5133 598 5178 nen
621 5113 795 5177 abhorrere
818 5109 963 5194 videtur,
990 5128 1020 5174 er
1042 5111 1285 5190 existimamus,
1315 5109 1477 5178 interdum
1499 5111 1744 5177 hlelanthunem
1767 5136 1789 5180 a
1808 5117 1965 5200 Medicis,
1993 5123 2098 5190 luris.

61 5207 240 5361 qeqeultidr,
261 5201 503 5356 qltathematicis
523 5209 715 5284 argumenta
736 5197 917 5263 orationum
939 5197 1118 5280 perscripta
1136 5197 1328 5282 accepisse,
1354 5207 1392 5264 ut
1412 5215 1455 5262 ea
1476 5198 1609 5262 uberius
1630 5199 1816 5268 elaboraret
1836 5213 1873 5268 et
1894 5203 1997 5272 ierma
2019 5225 2097 5275 ora-

96 5315 144 5360 rra
162 5313 194 5356 ιιι
219 5311 259 5356 ne
1973 5325 1979 5332 ·

189 5407 310 5490 Neque
339 5401 484 5468 odendat
509 5401 552 5466 al·
575 5419 651 5466 uem
678 5415 819 5484 magnus
848 5415 1003 5463 uumerus
1024 5397 1396 5466 denumerationem.
1448 5397 1527 5464 Nou
1549 5399 1656 5464 summ
1679 5402 1767 5466 enim
1788 5404 1820 5467 in
1842 5411 2103 5490 procendentem

64 5499 233 5566 domorum
264 5489 483 5566 habebantur,
517 5505 536 5553 s
605 5487 681 5570 lege
712 5487 829 5568 etiam,
855 5493 894 5548 ut
916 5483 980 5548 iam
1008 5483 1168 5570 diximus,
1200 5487 1435 5570 praeamiptura
1458 5493 1610 5648 “ita’am
1631 5487 1769 5572 singulis
1790 5493 1962 5560 mensibus
1986 5495 2103 5562 decta.
