4674 6162
192 266 243 350 95
365 181 1761 346 ttetsronttnu'u,tuntctottuunrscuterottttu
1811 160 2049 336 mttxtv,
2185 250 2237 324 96

198 447 310 529 tium,
343 443 383 514 in
405 465 476 537 qno
503 439 610 512 ctiam
638 431 816 525 singulare
842 441 932 521 opus
963 439 1034 506 est,
1068 443 1192 494 semus
1241 440 1293 498 est
1309 427 1500 512 autoritas,
1526 443 1562 516 et
1576 443 1616 499 ut
1631 427 1679 500 ita
1699 428 1834 512 dicam,
1859 427 2103 502 consonantia.
2137 421 2237 498 Mihi

198 546 480 624 harmoniarum.
531 539 746 620 Cerebrnm,
779 557 898 616 mens,
928 553 1006 614 cor,
1038 526 1194 596 suaviter
1243 531 1608 616 videturtronriuuius
1623 534 1881 602 accommodari
1899 536 1942 602 ad
1958 531 2171 612 Ecclesiam,
2198 531 2238 596 iu

199 651 414 728 adliciuntur
434 670 561 716 vocum
582 637 844 720 consonantiis,
878 627 1195 720 etadvariosad-
1243 651 1312 728 qua
1342 659 1415 702 non
1448 648 1499 704 est
1521 657 1713 703 concursus
1739 636 1816 704 siue
1845 635 2050 704 discrimine
2075 633 2240 704 onmium

198 759 310 828 fectus
338 753 594 832 traducuntur,
635 746 679 814 ad
716 739 874 832 placidos
909 748 945 805 et
971 733 1196 802 turbulentos
1245 733 1476 806 bonestorum
1506 750 1541 807 et
1573 720 1849 820 sceleratornmJ
1881 737 1944 830 qui
1970 738 2056 805 tales
2083 746 2244 806 manent.

201 872 336 941 motus,
369 855 413 924 ad
429 851 598 922 laetitiam
616 861 651 915 et
666 842 897 924 moestitiam,
921 849 964 908 ut
980 824 1197 902 Alexander

201 961 342 1034 Musico
364 954 534 1028 bellicum
564 963 731 1032 canente,
764 959 933 1037 tanquam
962 937 1198 1029 praeliaturus

204 1063 388 1144 exiliabat,
424 1057 605 1127 eteoclem
630 1053 831 1122 remittente
859 1041 1071 1122 melodiam,
1110 1035 1199 1106 resi-

206 1168 313 1236 debat
336 1161 473 1232 tacitus.
524 1154 621 1226 Ilaec
646 1155 696 1222 ita
718 1151 794 1219 lieri
812 1148 995 1218 sentimus.
1046 1139 1121 1212 Cur
1137 1163 1200 1204 ru-

207 1292 287 1340 curu
312 1262 489 1358 percussio
512 1259 737 1337 incerebro,
770 1266 888 1320 mente
914 1261 947 1316 et
965 1245 1089 1328 corde,
1121 1255 1201 1310 tau-

207 1387 279 1443 tam
295 1371 369 1450 rim
385 1361 531 1448 babeat,
563 1383 637 1430 non
654 1357 802 1438 scimus,
830 1353 889 1422 sed
907 1367 1136 1438 agnoscamus
1152 1342 1202 1410 sic

206 1471 320 1546 aDeo
339 1468 517 1540 conditam
532 1485 606 1532 esse
622 1455 809 1530 hominum
829 1466 1012 1534 naturam,
1043 1470 1109 1516 nec
1127 1445 1202 1514 lor-

185 1577 317 1648 ·tuitas
344 1593 417 1640 esse
440 1589 569 1640 vocum
595 1558 863 1642 consonantias,
895 1556 956 1624 sed
979 1550 1083 1620 certis
1099 1545 1203 1617 metis

208 1675 439 1750 harmonicae
454 1664 695 1764 proportionis
712 1657 905 1738 contineri,
937 1656 976 1723 in
994 1678 1063 1746 qua
1081 1651 1204 1738 singu-

211 1781 297 1852 laris
312 1790 363 1848 est
378 1771 559 1866 sapientia.
610 1764 802 1854 Multiplex
819 1784 903 1830 usus
918 1771 970 1828 est
987 1747 1204 1824 Arithmcti-

213 1905 274 1956 cac
288 1874 546 1976 proportionis,
575 1886 609 1940 et
625 1871 662 1938 iu
677 1859 840 1961 Physica
857 1877 890 1933 et
904 1861 943 1931 in
955 1855 1207 1936 contractibus,

210 2002 252 2060 ut
268 1987 304 2054 in
325 1979 523 2054 nutritione
543 1987 682 2046 tautum
706 1968 997 2047 transformatur,
1032 1969 1205 2053 quantum

143 2093 145 2100 '
211 2109 388 2162 assumere
414 2095 450 2153 et
471 2093 622 2173 coquere
640 2086 766 2144 natura
789 2067 927 2161 potuit,
960 2079 994 2134 et
1009 2063 1048 2131 in
1064 2071 1206 2130 contra-

214 2193 329 2264 ctibus
346 2188 375 2256 si
398 2187 490 2256 libra
506 2203 578 2250 una
593 2199 691 2246 cerae
705 2174 821 2243 valeat
830 2193 907 2242 una
923 2161 1111 2248 drachma,
1144 2161 1208 2230 de-

215 2318 291 2367 cem
315 2291 427 2360 librae
455 2283 626 2353 valebunt
650 2281 772 2348 decem
797 2267 987 2344 drachmis.
1038 2263 1108 2336 Hic
1123 2285 1207 2332 usus

217 2386 482 2466 Arithmeticac
495 2380 735 2477 proportionis
750 2376 959 2446 manifestus
976 2384 1046 2452 est,
1072 2367 1130 2438 cui
1147 2389 1208 2434 ve-

214 2513 326 2573 tustas
343 2493 432 2562 dixit
446 2486 599 2558 similem
615 2505 688 2552 esse
704 2477 984 2562 Democratiam,
1009 2473 1046 2542 in
1067 2493 1135 2564 qua
1156 2468 1209 2536 le-

216 2613 351 2695 guntur
376 2590 606 2682 Magistratus
633 2609 674 2654 ex
702 2582 868 2653 omnibus
899 2578 975 2647 sine
1003 2569 1209 2644 discrimine

217 2700 375 2796 generis,
416 2715 524 2786 opum
548 2702 584 2759 et
606 2684 813 2756 industriae.
873 2679 959 2751 Late
984 2677 1088 2746 etiam
1115 2685 1211 2765 patet

217 2827 304 2880 usus
322 2794 570 2886 Geometricac
592 2783 855 2884 proportionis,
897 2796 934 2852 ot
958 2781 997 2848 in
1019 2777 1155 2848 artibus
1178 2785 1212 2843 et

219 2907 363 2988 olbciis,
391 2901 456 2972 ubi
479 2913 512 2969 et
538 2913 768 2987 personarum
795 2901 829 2958 et
852 2884 980 2954 artium
1004 2880 1043 2948 fit
1057 2877 1213 2960 collatio,

220 3025 260 3082 ut
278 3009 368 3078 sicut
385 3005 428 3074 ad
447 2997 636 3091 imperium
646 2986 842 3064 Castrcnse
852 2985 1003 3056 idoneus
1016 2995 1067 3052 est
1076 2975 1212 3075 Scipio,

222 3115 272 3184 sie
287 3111 437 3179 idoneus
453 3116 505 3173 est
520 3093 680 3168 Laelius
699 3096 743 3163 ad
759 3089 970 3161 senatoriam
987 3081 1213 3174 gubernatio-

221 3239 314 3286 nem.
374 3206 445 3278 Hic
478 3216 513 3272 et
535 3221 704 3294 personae
731 3209 766 3266 et
789 3189 931 3262 numeri
963 3187 1214 3256 discernuntur

222 3315 402 3410 gradibus.
453 3304 573 3395 Quare
596 3299 680 3372 huic
703 3291 930 3390 proportioni
947 3301 1100 3358 vetustas
1118 3307 1214 3354 com-

223 3416 362 3513 paravit
386 3405 674 3486 Aristocratiam,
702 3401 742 3468 in
764 3422 834 3492 qua
852 3393 1100 3466 anteferuntur
1116 3399 1216 3456 ante-

223 3522 389 3593 cellentes
411 3507 586 3581 industria
609 3506 647 3573 in
672 3502 834 3596 quolibet
856 3519 983 3587 genere
1012 3506 1047 3563 et
1068 3489 1215 3565 meritis,

224 3619 352 3694 caeteri
368 3615 614 3704 negliguntur:
648 3601 701 3676 Ae
715 3597 829 3672 Plato
845 3599 952 3682 dixit,
985 3597 1124 3666 beatam
1142 3614 1216 3661 esse

1237 837 1318 908 'Nec
1340 837 1464 908 electio
1488 838 1526 908 ht
1547 831 1774 908 Geometrica
1798 839 2029 931 proportione
2054 861 2093 906 ex
2108 837 2241 906 virtute

1247 955 1281 1009 et
1303 939 1454 1025 meritis;
1488 938 1557 1010 Sed
1595 941 1689 1011 valet
1722 940 1773 1009 ibi
1807 942 2008 1010 dulcissima
2042 937 2242 1009 Harmonia
2302 949 2309 962 '

1247 1036 1428 1123 Musica,
1462 1043 1545 1134 quia
1560 1067 1752 1113 concursus
1768 1058 1818 1112 est
1844 1043 2092 1125 dissimilium,
2126 1037 2243 1111 hone·

1249 1153 1384 1216 storum
1401 1161 1435 1216 et
1449 1146 1680 1227 deformium,
1707 1139 1861 1240 Ioseph,
1885 1141 2052 1226 Daridis
2067 1157 2100 1214 et
2114 1141 2245 1216 Latro-

1251 1249 1306 1316 nis
1330 1249 1368 1316 iu
1392 1270 1506 1321 cruce.
1565 1247 1636 1318 Sed
1657 1245 1692 1316 bi
1707 1249 1757 1317 sic
1773 1263 2010 1333 concurrunt,
2040 1261 2079 1318 ut
2095 1246 2142 1316 sit
2157 1249 2246 1338 pro·

1251 1349 1367 1444 portio
1392 1348 1616 1420 consentiens
1635 1350 1937 1439 differentiarum,
1968 1351 2131 1418 videlicet
2155 1371 2246 1418 con-

1251 1451 1414 1522 sonantia
1446 1452 1484 1519 in
1505 1453 1687 1542 agnitione
1711 1451 1794 1522 Filii
1817 1451 1885 1524 Dei
1907 1475 1948 1522 ac
1967 1453 2046 1524 lide.
2097 1449 2193 1520 Haec
2216 1447 2251 1517 si

1252 1555 1332 1648 qtris
1360 1554 1567 1642 diligentius
1597 1555 1854 1638 considerabit,
1886 1555 2163 1638 animadvertet,
2206 1551 2250 1618 in

1253 1657 1413 1775 qpolibet
1438 1680 1565 1744 genere
1586 1657 1880 1748 proportionum,
1919 1658 2165 1727 admirandam
2190 1677 2252 1722 sa-

1253 1759 1423 1850 pientiam
1439 1757 1603 1850 proponi.
1656 1751 1823 1853 Physica
1841 1759 2034 1851 plurimum
2057 1757 2250 1851 requirunt

1254 1855 1534 1930 Arithmetica'm
1548 1862 1812 1954 aequalitatem:
1846 1859 2068 1932 Gubernitio
2090 1856 2251 1928 humana

1256 1957 1534 2035 Geometricam.
1589 1961 1629 2031 lu
1643 1960 1801 2033 Ecclesia
1818 1964 2035 2054 conspicitur
2049 1959 2248 2032 Harmoni-

1256 2091 1306 2136 ca.
1356 2063 1549 2158 Praecipue
1562 2065 1657 2134 euim
1671 2066 1768 2136 Deus
1776 2061 1967 2135 Maricam
1987 2065 2106 2156 generi
2122 2058 2252 2132 huma-

1256 2192 1304 2238 no
1321 2168 1401 2238 ideo
1417 2168 1596 2254 attribuit,
1626 2181 1667 2238 ut
1682 2181 1789 2238 cantu
1804 2165 2181 2259 comprehenderetur,
2211 2176 2248 2234 et

1258 2270 1338 2340 aliis
1354 2271 1555 2340 traderetur
1572 2293 1653 2339 vera
1666 2270 1827 2340 doctrina
1844 2273 1887 2338 de
1907 2271 2057 2341 essentia
2073 2281 2109 2338 et
2120 2267 2252 2338 volun·

1257 2387 1328 2445 tate
1352 2369 1440 2454 Dei,
1471 2371 1577 2442 simul
1603 2385 1643 2442 ut
1664 2373 1835 2442 memoria
1860 2375 2127 2452 extenderetur,
2167 2369 2257 2463 quia

1259 2473 1516 2544 cantilenarum
1539 2474 1745 2544 diuturnior
1769 2488 1821 2544 est
1843 2477 2033 2556 memoria,
2066 2489 2101 2546 et
2121 2488 2162 2544 ut
2188 2473 2257 2540 ad-

1259 2579 1371 2648 iectus
1399 2577 1583 2646 doctrinae
1614 2591 1849 2668 congruentes
1879 2579 2134 2661 excitarentur,
2170 2574 2256 2642 ideo

1261 2703 1398 2796 semper
1419 2678 1457 2748 in
1470 2677 1631 2770 Templis
1652 2703 1754 2748 verae
1768 2675 1965 2766 Ecclesiae,
1996 2693 2031 2751 et
2049 2689 2185 2760 retenta
2202 2689 2258 2745 est

1260 2776 1435 2863 Musica,
1468 2794 1503 2850 et
1532 2781 1624 2850 culta
1650 2795 1713 2852 est.
1745 2819 1749 2826 1
1777 2779 1901 2874 ltaque
1929 2797 1962 2852 et
1983 2779 2258 2875 proportionem

1262 2885 1374 2974 ipsam
1404 2881 1677 2971 Hurmonimm,
1713 2884 1828 2954 voluit
1850 2885 2041 2976 imaginem
2075 2904 2148 2953 esse
2176 2879 2258 2950 col-

1262 2985 1424 3054 lectionis
1438 2981 1614 3055 Ecclesiae
1631 3010 1671 3056 ex
1687 3009 1860 3056 concursu
1876 2987 2104 3056 dissimilium
2128 3004 2260 3052 nume-

1263 3111 1406 3171 rorum,
1447 3111 1600 3180 quorum
1626 3103 1747 3158 tamen
1778 3089 1824 3159 sit
1853 3089 1892 3156 in
1917 3091 1986 3158 fide
2010 3085 2258 3159 consonantia.

1264 3187 1405 3258 Deinde
1436 3203 1471 3258 et
1500 3191 1590 3260 aliae
1618 3205 1702 3260 sunt
1734 3182 2000 3280 congruentiae.
2062 3187 2112 3261 Ut
2137 3202 2258 3258 autem

1264 3289 1362 3360 Deus
1384 3290 1462 3360 vult
1483 3307 1636 3362 caeteras
1661 3306 1752 3362 artes
1766 3290 1952 3374 tEcclesiae
1967 3294 2072 3364 utiles
2092 3315 2111 3360 a
2128 3291 2263 3380 guber-

1265 3392 1594 3512 natoribusfoveri,
1620 3395 1669 3466 ita
1687 3395 1763 3466 vult
1779 3409 1814 3466 et
1822 3391 1999 3466 Musicae
2015 3394 2132 3468 studia
2148 3393 2193 3463 ab
2210 3391 2266 3462 eis

1267 3517 1479 3569 conservari.

224 3723 413 3796 bominum
433 3717 565 3794 vitam,
596 3707 661 3779 ubi
689 3707 724 3774 iu
749 3699 1023 3794 gubernatione,
1058 3695 1115 3763 vel
1143 3693 1216 3761 exi-

223 3845 331 3918 gnum
350 3814 597 3892 Geometricae
611 3805 852 3902 proportionis
865 3800 963 3874 Deus
980 3798 1137 3890 imperiis
1152 3795 1218 3866 tri-

223 3929 314 4000 buit.
363 3922 413 3994 Ut
430 3920 460 3988 si
476 3907 738 3988 Themistocles
754 3909 896 3999 ignarus
910 3897 1081 3974 Musicae
1096 3899 1140 3968 sit
1153 3895 1218 3968 Se-

225 4045 347 4110 nator,
369 4013 587 4094 Timotheus
604 4007 867 4084 veroMusicus
882 3997 1219 4094 duceatMusicam.

225 4133 365 4206 llorum
392 4126 566 4216 graduum
587 4115 768 4188 distinctio
786 4109 948 4183 salutaris
964 4119 1016 4176 est
1035 4106 1145 4188 vitae,
1179 4113 1220 4172 ut

227 4256 350 4306 omnes
367 4228 442 4300 sani
461 4223 675 4310 intelligunt.
738 4213 856 4304 Quam
875 4235 954 4279 rum
969 4233 1043 4277 non
1058 4209 1220 4276 observet

227 4331 472 4412 Democratia,
514 4349 603 4420 quae
630 4323 706 4392 sine
742 4313 946 4386 discrimine
981 4335 1021 4379 ex
1053 4307 1221 4378 omnibus

228 4437 327 4526 eligit
347 4427 535 4513 Musicae,
568 4450 608 4496 ex
633 4421 752 4492 nautis
775 4433 810 4488 et
831 4413 1064 4498 cerdonibus,
1103 4407 1220 4480 maui-

228 4543 356 4612 iestum
381 4549 450 4618 est,
492 4526 584 4600 hanc
604 4524 849 4620 aequalitatem
874 4513 1108 4608 perniciosam
1139 4535 1221 4584 esse.

230 4642 279 4718 Αι
296 4653 392 4712 extra
406 4629 716 4714 hasffflarmouias,
741 4623 805 4694 ubi
821 4617 977 4710 conspici
992 4617 1030 4686 in
1046 4609 1223 4711 Physica,

230 4760 292 4817 aut
308 4743 347 4812 in
365 4735 623 4812 contractibus,
657 4741 717 4798 aut
733 4717 775 4796 in
789 4722 950 4806 moribus
968 4741 1053 4790 usus
1066 4715 1223 4788 Harmo-

230 4848 331 4918 nirae
349 4836 591 4936 proportionis
607 4829 744 4926 potest?
797 4823 867 4894 Vix
885 4822 1030 4893 invenio
1054 4819 1224 4911 exempla.

231 4947 398 5020 Vetustas
421 4943 465 5012 ad
491 4931 735 5028 Oligarcbiam
760 4927 928 5000 contulit:
961 4940 1002 4996 ut
1027 4924 1120 4994 enim
1138 4946 1225 4991 con·

234 5075 356 5123 cursus
382 5060 434 5116 est
456 5057 707 5115 numerorum,
745 5055 898 5128 quorum
921 5051 997 5098 nou
1022 5017 1073 5099 est
1098 5024 1224 5095 similis

231 5151 415 5249 proportio
432 5149 526 5214 inter
542 5123 635 5220 sdse3
662 5151 701 5207 ut
716 5135 751 5206 6.
769 5133 804 5205 4.
818 5137 856 5226 β.
872 5145 906 5203 et
922 5145 1039 5202 tamen
1056 5129 1225 5198 differen-

234 5258 362 5328 tiarum
396 5246 521 5320 similis
555 5257 606 5312 est
638 5239 839 5332 proportio:
880 5235 928 5305 ita
952 5233 992 5301 in
1018 5215 1225 5320 Oligarchia

235 5365 452 5430 concurrunt
475 5347 727 5437 gubernatores
752 5337 940 5410 dissimiles
969 5357 1113 5424 genere,
1148 5331 1228 5422 opi-

236 5463 321 5544 bus,
353 5451 545 5536 industria,
582 5445 738 5532 meritis,
780 5465 935 5538 quorum
961 5450 1081 5510 tamen
1103 5433 1226 5504 eadem

1491 4203 1495 4214 ’
1593 4185 1691 4300 (De
1721 4186 1937 4302 Musica.)

1374 4367 1396 4436 †
1416 4364 1454 4418 Ex
1471 4364 1534 4422 eod.
1554 4365 1635 4420 Goth.
1649 4365 1693 4422 2³.
1712 4385 1738 4438 p.
1751 4365 1796 4422 25.

1427 4509 1611 4637 Elogihm
1639 4537 1682 4612 de
1706 4539 1859 4624 Musica
1886 4535 1990 4621 Phil.
2015 4542 2111 4624 Mel.

1271 4697 1511 4784 Excitabatur
1530 4707 1685 4801 Spiritus
1701 4723 1842 4778 sanctus
1857 4705 1996 4783 Musica
2017 4713 2056 4782 in
2077 4711 2221 4789 Davide
2239 4735 2275 4793 et

1272 4815 1312 4884 in
1335 4809 1477 4908 Elyseo.
1533 4807 1738 4881 Excitemus
1768 4825 1802 4882 et
1831 4827 1968 4887 nostras
1989 4830 2126 4889 mentes
2150 4837 2275 4908 cantu,

1273 4930 1315 4988 ut
1329 4917 1463 4986 maiore
1477 4925 1576 4984 motu
1592 4912 1766 5004 accipiant
1782 4917 1975 4987 sententias
1995 4913 2124 4989 borum
2139 4925 2277 4995 earmi-

1275 5043 1375 5091 num.
1427 5011 1475 5088 Et
1494 5009 1562 5084 hoc
1583 5017 1741 5086 studium
1763 5015 1912 5088 canendi
1934 5019 1973 5088 in
1995 5021 2083 5091 aliis·
2097 5031 2276 5098 accenda-

1274 5145 1373 5206 mus,
1404 5132 1446 5188 nt
1466 5141 1585 5187 rerum
1603 5119 1815 5206 cogitatione
1833 5123 1876 5189 ad
1894 5117 2033 5192 Christi
2049 5125 2277 5214 agnitionem

1277 5223 1495 5310 invitentur,
1527 5233 1562 5290 et
1586 5221 1747 5290 doctrina
1778 5225 1820 5290 ad
1851 5237 2008 5313 posteros
2034 5229 2139 5296 etiam
2162 5225 2278 5302 huius

1277 5326 1362 5398 artis
1384 5345 1450 5416 ope
1471 5322 1743 5394 transmittatur.
1802 5319 1971 5396 Naturale
1997 5341 2047 5398 est
2070 5325 2213 5402 bomini
2235 5335 2279 5403 in

1277 5449 1461 5513 moerore,
1492 5425 1550 5498 vel
1574 5439 1681 5496 cantu
1695 5425 1809 5494 lenire
1830 5427 1940 5496 animi
1956 5433 2284 5523 perturbationem,
