4686 6172
81 348 152 426 tlt
526 341 839 436 Attoottta
890 339 964 416 ET
1015 329 1251 415 BREVES
1301 327 1657 410 CONCIONES‘.
2037 323 2114 410 942

180 521 277 596 Cum
291 536 410 594 entem
424 519 586 616 qnotidie
606 533 851 612 praeceptores
864 531 1000 589 vestrm
1027 516 1072 586 ed
1121 511 1203 582 dem
1225 526 1362 602 ρωιιιιι
1383 508 1601 602 oppriment.
1654 501 1726 581 scd
1750 503 1801 578 de
1818 501 1965 577 cacteris
1982 500 2111 588 diceus,

81 629 252 720 dignitate
283 649 324 698 ac
347 627 385 695 vi
405 625 527 716 legum
547 625 716 694 docentes
740 645 781 692 ac
814 619 1071 713 praecipientes
1119 637 1274 707 qsmrusn
1297 635 1415 684 mores
1440 623 1525 684 sont
1550 609 1623 702 apti
1651 607 1806 697 legibus,
1837 599 1905 676 bus
1927 598 2111 689 adhortor,

79 731 251 816 audiatis,
277 753 353 802 non
365 741 448 804 utar
461 725 622 817 longiore
639 725 869 818 praefatione.
911 721 1070 794 Tantum
1118 725 1159 788 ιιι
1183 737 1220 788 se
1246 715 1291 786 ad
1313 715 1433 804 legum
1455 737 1611 786 amorem
1635 727 1669 783 ct
1694 709 1929 784 reverentiam
1953 707 2110 782 amnesa-

78 859 142 906 vos
158 830 432 917 Adulescentes,
458 830 522 926 qui
538 831 579 900 in
595 827 723 898 studiis
745 829 930 899 literarum
950 847 1069 896 versa·
1118 818 1227 894 siant.
1252 815 1344 893 Tele
1356 816 1574 912 tyrocinium
1591 827 1710 907 postea
1726 811 1765 884 in
1783 812 1919 906 relique
1935 810 2008 882 vita
2024 809 2109 902 plu-

78 939 189 1018 mini‚
214 933 360 1022 hortor,
385 957 431 1004 ne
456 945 574 1004 uestro
599 930 716 1002 officio
739 927 1008 1014 deesserelitis,
1034 937 1069 1000 et
1116 920 1248 994 risuum
1264 921 1419 1012 prodest.
1470 917 1562 992 Nem
1586 913 1672 988 baec
1691 915 1876 1006 diligentia
1901 937 2109 986 commone-

77 1055 217 1112 utnon
245 1053 384 1112 tantum
408 1037 563 1108 audiatis
587 1029 682 1104 hanc
712 1033 830 1125 legum
854 1029 1070 1124 publicatio-
1117 1023 1201 1096 lacit
1213 1023 1318 1096 rudia
1335 1021 1478 1114 ingenia
1494 1023 1538 1093 de
1553 1021 1667 1098 causis
1680 1019 1816 1110 legum,
1847 1039 1936 1112 quas
1958 1015 2108 1106 cogitari

78 1167 178 1230 nem,
204 1145 265 1213 sed
284 1141 391 1214 etiam
405 1161 643 1212 snmmscurs
659 1135 830 1207 studeatis
845 1135 918 1206 vita
942 1147 1068 1205 etmu-
1117 1139 1151 1198 et
1174 1125 1359 1210 meditari,
1385 1124 1556 1218 sapientia
1580 1137 1633 1196 est
1654 1117 2045 1211 homine‘dignissima,
2072 1131 2107 1194 et

78 1248 179 1318 ribus
198 1245 273 1316 illis
289 1267 423 1338 parere.
474 1241 582 1316 Scitis
604 1239 701 1309 enim
726 1235 843 1308 Deum
865 1233 959 1308 hanc
981 1235 1069 1306 obe-
1116 1229 1216 1300 utilis
1236 1228 1414 1316 muribus,
1438 1242 1472 1302 st
1494 1227 1604 1300 flectit
1628 1227 1768 1298 animus
1791 1226 1836 1296 sd
1859 1224 2050 1306 virtutem,
2071 1235 2107 1292 et

78 1349 250 1420 dientiam
260 1345 653 1440 nonminusrequirere
667 1341 809 1422 scobis,
826 1363 933 1436 qnam
948 1339 978 1408 si
992 1340 1067 1430 ipse
1116 1331 1260 1422 rapidos
1283 1331 1437 1424 impetus
1460 1325 1633 1404 cohercet.
1689 1327 1797 1402 Nulla
1833 1351 1901 1400 vos
1936 1319 2107 1410 humana,

79 1453 270 1542 snodigito
287 1445 461 1540 herlages
476 1446 749 1538 conscripsisset.
796 1441 919 1538 ltaque
936 1441 1068 1533 etpnl-
1118 1434 1218 1506 nulla
1233 1435 1459 1526 eloquentia,
1479 1433 1564 1504 satis
1581 1432 1753 1523 explicare
1769 1441 1905 1522 potest,
1931 1441 2105 1520 quantum
2170 1473 2173 1480 ‚

77 1550 255 1625 cherrima
277 1554 434 1648 praemia
461 1547 648 1643 proposuit
671 1547 764 1628 illis,
795 1547 860 1642 qui
881 1547 1065 1637 obtempe-
1115 1537 1252 1610 adierat
1270 1537 1435 1612 utilitatis
1460 1535 1649 1608 mediocris
1678 1548 1814 1614 tantum
1837 1555 1922 1606 curs
1943 1529 2106 1618 discipli-

79 1671 180 1738 rant,
215 1671 249 1728 et
278 1655 434 1728 vicissim
467 1649 659 1724 horribiles
686 1673 818 1742 poenas
846 1647 937 1734 illis,
978 1670 1068 1742 qnae
1116 1663 1198 1710 nae:
1245 1637 1409 1714 Primum
1431 1636 1512 1712 Deo
1533 1653 1631 1728 gesta
1654 1651 1723 1718 est,
1755 1649 1876 1708 tuetur
1895 1632 2010 1708 mislta
2032 1631 2104 1708 Dei

76 1759 337 1833 contumaciter
357 1767 577 1848 repugnant,
613 1753 705 1824 sicut
732 1752 851 1848 inquit
878 1751 1067 1844 scriptura:
1115 1742 1304 1827 beneficis,
1330 1743 1495 1836 impetret
1509 1737 1745 1832 Reipublicae
1767 1760 1894 1828 magna
1917 1735 2104 1814 commoda

75 1857 270 1934 Calamitas
285 1875 319 1932 et
334 1855 496 1935 conmsiu
510 1857 643 1930 accidet
660 1851 735 1941 his,
762 1856 823 1950 qui
839 1855 971 1926 nolunt
993 1853 1067 1946 pati
1116 1841 1248 1927 aDeu,
1274 1859 1394 1920 tuetur
1415 1868 1563 1936 corpora
1588 1859 1624 1916 et
1646 1841 1907 1926 valetudinem,
1934 1837 2037 1910 radix
2053 1853 2105 1912 est

73 1963 325 2054 disciplinam,
351 1961 463 2056 etqui
478 1963 726 2054 obtemperant
742 1957 974 2041 correctioni,
999 1951 1064 2025 ho-
1116 1961 1152 2020 et
1172 1943 1355 2020 inchoatio
1376 1947 1539 2020 emnium
1562 1947 1756 2028 virtutum,
1779 1943 1922 2018 instruit
1948 1941 2104 2032 ingenia,

71 2089 161 2137 nora
182 2067 398 2139 afficientur.
1117 2064 1154 2120 ut
1171 2050 1309 2142 possint
1324 2073 1396 2120 esse
1412 2051 1494 2122 usui
1508 2045 1689 2122 Ecclesiae
1701 2061 1736 2120 et
1751 2045 1997 2139 Reipublicae.
2036 2041 2105 2117 His

350 2215 354 2225 .
450 2181 545 2273 Lege
561 2179 713 2255 smum·
1115 2152 1331 2250 utilitatibus
1348 2153 1481 2224 moveri
1501 2147 1663 2222 homines
1687 2177 1707 2222 a
1730 2165 1857 2221 natura
1881 2161 1975 2220 recte
1999 2147 2105 2216 insti·

600 2303 604 2321 .
1115 2267 1213 2326 tutus
1235 2255 1402 2328 arbitror.
1453 2253 1566 2326 Sede
1591 2256 1737 2344 regione
1751 2253 1857 2324 etiam
1875 2251 2102 2320 incommoda

453 2395 533 2465 pm
553 2395 705 2466 mm·
1114 2357 1313 2448 expendite.
1363 2356 1471 2428 Absit
1491 2381 1511 2426 a
1528 2369 1652 2427 nostro
1667 2357 1816 2441 urdine,
1842 2367 1877 2424 et
1898 2379 1917 2422 a
1937 2365 2012 2423 tuto
2037 2376 2105 2422 no-

1112 2457 1212 2554 mine
1232 2454 1439 2532 Christiano
1461 2459 1635 2544 amentia,
1661 2482 1723 2528 scu
1747 2458 1851 2527 luror
1872 2456 1991 2547 potius
2014 2451 2105 2547 Epi·

179 2552 382 2630 Andivistis
407 2556 520 2646 leges,
556 2579 650 2648 quae
676 2556 720 2626 ad
752 2555 927 2646 regendos
947 2577 1067 2626 mores
1113 2578 1321 2646 cursurum,
1346 2560 1409 2656 qui
1424 2585 1499 2630 non
1514 2573 1642 2652 putant
1661 2560 1764 2630 irasci
1781 2557 1896 2630 Deum
1912 2557 2104 2628 sceleribus

76 2671 233 2744 vestros,
259 2661 360 2732 etad
386 2657 481 2752 pacis
496 2657 757 2742 defensionen,
783 2657 886 2734 vobis
904 2655 1066 2748 proposi·
1113 2657 1301 2748 humanis,
1327 2687 1411 2736 cum
1426 2663 1526 2734 dicat
1543 2687 1613 2734 vox
1638 2661 1817 2736 coelestis:
1843 2657 1995 2754 Propter
2015 2653 2102 2731 haec

76 2774 245 2838 teesnnt.
296 2760 404 2836 Scitis
418 2773 557 2846 antem,
580 2783 761 2852 nerposse
786 2755 963 2834 humanus
987 2782 1067 2830 coe-
1112 2766 1213 2836 venit
1244 2765 1296 2835 ira
1321 2763 1389 2837 Dei
1422 2787 1530 2857 snper
1560 2778 1796 2838 contumaces.
1854 2760 1965 2833 Ponit
1994 2762 2104 2852 igitur

76 2877 135 2936 tus
158 2865 235 2941 sine
258 2865 416 2955 legibus,
447 2862 526 2937 sisse
544 2863 674 2938 ordine
696 2862 837 2956 aliquo,
858 2861 1064 2944 sinedisci·
1112 2865 1210 2938 Deus
1234 2867 1445 2960 disciplinae
1467 2881 1710 2960 contemptum
1742 2865 1897 2959 publicis
1929 2865 2103 2950 cladibus,

78 2965 178 3055 plina
201 2965 356 3042 retinere
380 2965 691 3062 usuqulllitatem.
740 2961 789 3038 Et
815 2965 906 3036 vella
937 2961 1065 3046 Deum,
1112 2971 1312 3063 etprivatis
1328 2969 1600 3046 calamitatibus.
1640 2967 1819 3042 Miramur
1835 2963 2103 3040 Turricossno-

74 3061 185 3142 huius
200 3065 463 3163 pulcherrimae
480 3083 516 3142 et
530 3067 757 3146 dulcissimae
772 3067 948 3145 societatis
962 3080 1066 3142 autu-
1112 3097 1246 3155 cessus,
1273 3085 1307 3144 et
1325 3073 1413 3144 alias
1424 3069 1603 3144 Ecclesiae
1619 3095 1823 3154 aerumnas,
1849 3095 2002 3166 quarum
2017 3093 2102 3142 ean-

74 3193 169 3256 rem,
195 3173 356 3264 singulos
370 3172 443 3247 suis
459 3171 741 3263 magistratibus,
766 3171 921 3263 legibus,
947 3170 1065 3244 etim·
1111 3199 1170 3250 sse
1193 3176 1432 3254 multassent
1453 3189 1668 3269 etmagnae.
1719 3175 1790 3251 Sed
1808 3169 2101 3252 scholasticorum

74 3274 336 3392 periisparere.
387 3267 516 3352 Dehis
531 3274 685 3346 vinculis
699 3275 815 3350 civilis
840 3273 933 3348 vitae
949 3287 985 3346 et
1006 3297 1079 3363 so<
1114 3279 1286 3351 modestia
1309 3279 1377 3352 tuti
1392 3273 1570 3356 Ecclesiae
1592 3279 1853 3372 mitigationem
1873 3277 2102 3370 publicorum

72 3380 213 3450 cretatis
240 3403 321 3454 mm
347 3377 510 3473 quotidie
540 3378 769 3470 gravissimae
799 3371 1000 3451 habeantur
1026 3376 1063 3452 iu
1116 3382 1291 3454 malornm
1318 3381 1508 3474 impetrare
1524 3395 1652 3474 posset,
1701 3379 1794 3452 Nam
1818 3393 1964 3476 propter
1983 3379 2103 3457 studia

71 3483 220 3574 ismplis
236 3481 325 3559 ctio
342 3477 474 3561 sobolis
491 3479 702 3565 mnriunes,
727 3479 943 3552 condicam
968 3503 1064 3554 nunc
1113 3485 1300 3578 praecipue
1315 3481 1412 3558 Deus
1433 3499 1618 3558 conservat
1643 3483 1804 3578 politius,
1828 3498 1868 3560 ut
1891 3505 1994 3575 saepe
2017 3507 2103 3575 pro-

70 3584 261 3670 prolisius.
318 3583 432 3676 Spero
462 3597 581 3658 sutem
604 3585 763 3658 modeste
787 3582 949 3674 ingenia,
983 3596 1063 3656 ets
1112 3588 1231 3664 mittit.
1290 3583 1340 3663 Et
1369 3581 1464 3664 hanc
1485 3610 1625 3663 eausam
1648 3587 1777 3678 allegat
1798 3579 1995 3678 Propheta:
2047 3581 2102 3659 Ne

67 3700 195 3764 natura
226 3689 272 3762 ad
297 3687 465 3760 virtutem
491 3685 651 3770 incitata,
679 3701 714 3760 et
728 3710 847 3760 amare
861 3679 1064 3758 bonevitae
1112 3691 1230 3762 tradas
1253 3689 1376 3760 bestiis
1396 3689 1533 3764 animas
1558 3689 1767 3763 confitentes
1793 3689 1873 3765 tibi.
1922 3685 1997 3761 Cur
2029 3687 2101 3764 iam

65 3791 260 3876 ordinent,
277 3811 319 3866 ac
336 3788 575 3882 disciplinam,
589 3802 624 3862 et
637 3789 754 3880 legum
772 3813 894 3865 vocem
910 3788 1065 3858 libenter
1112 3793 1243 3884 putatis
1265 3791 1305 3862 in
1326 3787 1396 3864 hoc
1421 3787 1604 3864 horrcndo
1628 3791 1807 3880 tumultu,
1831 3791 1895 3886 qni
1920 3790 1959 3862 in
1984 3790 2101 3862 vicina

67 3893 202 3980 andire,
221 3907 257 3966 et
274 3906 400 3986 sponte
413 3893 571 3978 obedire,
586 3905 627 3964 ut
641 3891 886 3966 venustissime
901 3913 922 3962 a
935 3889 1063 3965 Plauto
1111 3909 1211 3966 ortus
1225 3895 1311 3984 tuis,
1334 3892 1454 3972 Deum
1471 3895 1666 3987 pepercisse
1688 3889 1744 3966 his
1759 3893 1990 3984 regionibus?
2026 3889 2102 3964 Piis

69 3993 211 4068 dictum
237 4009 308 4068 est:
333 3995 453 4069 Facile
475 4009 527 4069 est
547 3995 738 4087 imperium
766 3993 804 4066 iss
825 3993 943 4068 bostis.
991 3991 1061 4066 Sed
1113 3997 1262 4084 studiis,
1297 4011 1331 4068 et
1360 3997 1543 4075 doctrinae
1567 3997 1735 4090 pepercit.
1790 3993 1841 4076 lta
1866 4019 1941 4069 non
1963 3993 2102 4080 dubito,

69 4095 133 4166 alii
158 4113 246 4174 snnt
261 4099 390 4192 partim
408 4097 679 4183 imbecilliores,
702 4097 766 4192 qui
781 4097 956 4168 malorum
978 4119 1063 4168 con·
1112 4101 1217 4176 etiarn
1234 4100 1272 4174 iu
1290 4099 1552 4194 irruptionibus
1567 4099 1730 4172 Turcicis
1744 4097 1859 4174 Derim
1875 4110 2100 4175 servatorum

72 4205 268 4276 suetudine
296 4201 477 4274 interdum
500 4201 729 4274 shdrmosstur
757 4201 803 4274 ab
827 4199 967 4284 officio,
1001 4201 1061 4272 sed
1111 4225 1186 4276 esse
1203 4203 1380 4276 studiosos
1404 4217 1439 4272 et
1458 4202 1548 4296 pios.
1600 4200 1650 4276 Ut
1665 4202 1819 4277 servavit
1834 4197 2040 4284 Danielem,
2066 4214 2101 4272 ct

71 4309 194 4376 tamen
217 4304 412 4380 sanabiles:
446 4304 577 4398 partim
612 4327 697 4378 vero
725 4304 782 4374 sel
807 4303 975 4395 superbia
1006 4301 1062 4372 vel
1113 4305 1244 4382 multus
1273 4305 1408 4378 similes
1436 4305 1475 4379 io
1499 4305 1605 4377 csilio
1628 4302 1863 4400 Babylonico.
1921 4299 2043 4394 Quare
2065 4317 2101 4378 et

70 4417 224 4484 naturae
240 4407 462 4482 immanitate
475 4407 525 4482 ita
540 4405 627 4492 ieri,
652 4421 694 4478 ut
714 4405 808 4480 llecti
829 4409 874 4478 ad
894 4405 1062 4481 virtutem
1113 4409 1247 4500 publici
1265 4423 1299 4481 et
1313 4408 1422 4484 vestri
1440 4408 1591 4500 periculi
1607 4420 1717 4494 metu,
1743 4407 1782 4480 in
1799 4401 1868 4481 boc
1883 4405 2027 4498 publico
2042 4404 2101 4476 lu-

72 4507 205 4588 nulint.
275 4505 355 4584 Etsi
394 4509 556 4603 utrisque
589 4509 707 4600 legum
734 4533 848 4602 pocus
881 4509 1062 4582 timendae
1111 4525 1171 4582 ctu
1195 4523 1230 4582 ct
1251 4510 1429 4582 maesticia
1454 4524 1675 4601 temporum,
1700 4509 1894 4584 modestius
1914 4507 2042 4594 vivite,
2067 4519 2102 4578 et

71 4625 175 4693 sunt,
202 4630 324 4688 umen
340 4637 437 4686 nunc
451 4609 721 4708 deCyclopibus
738 4612 814 4684 istis
827 4605 921 4684 nihil
937 4611 1063 4696 dicam,
1111 4615 1271 4700 statuite,
1295 4627 1330 4684 et
1353 4611 1541 4686 universae
1562 4609 1816 4704 Reipublicae,
1851 4627 1885 4682 et
1909 4611 2012 4684 robis
2039 4632 2099 4678 ve·

69 4711 133 4825 qui
158 4729 199 4787 ut
225 4709 467 4811 Polyphemus
496 4719 591 4810 apud
614 4711 836 4801 Homerum,
867 4715 1062 4805 gloriosum
1110 4730 1220 4790 stram
1241 4715 1451 4788 modestiam
1477 4715 1699 4808 profuturam
1721 4737 1806 4791 esse.
1859 4710 2016 4804 Quidam
2040 4733 2099 4805 ge-

70 4811 140 4924 ssbi
164 4819 325 4905 ducunt,
357 4815 474 4890 Deum
498 4833 533 4890 et
552 4819 673 4890 omnia
700 4818 823 4888 divina
847 4831 881 4888 et
903 4811 1061 4888 humana
1111 4819 1224 4906 neris,
1255 4821 1403 4914 quidam
1435 4817 1704 4911 privilegiorum
1738 4827 1921 4909 praetextu
1953 4828 2099 4908 peccant

70 4932 151 5025 tura
170 4919 390 4994 ferocissime
411 4933 657 5007 contemnere,
684 4935 853 5006 etmere,
879 4944 950 5014 qua
967 4919 1062 4990 coeci
1112 4923 1289 4994 licentius.
1347 4917 1513 4992 Resutari
1553 4915 1618 4992 bae
1661 4920 1815 4993 iniustae
1855 4915 2100 5009 perssrasioncs

69 5033 229 5108 ¹mpetus
251 5024 490 5118 cupiditatum
511 5023 670 5112 rapiunt.
730 5022 800 5096 Sed
831 5017 918 5093 haec
943 5047 1061 5094 rerum
1111 5024 1233 5096 multis
1255 5024 1371 5094 modis
1390 5036 1551 5115 possunt.
1611 5019 1682 5093 Sed
1705 5045 1800 5096 nunc
1822 5043 1931 5092 unam
1959 5031 2100 5090 tantum

70 5131 221 5211 natura,
237 5125 330 5197 vices
346 5125 486 5199 aestatis
503 5141 538 5198 et
554 5119 709 5220 hyemis,
734 5149 774 5196 ac
797 5125 957 5221 reliquus
972 5127 1061 5196 ordo
1111 5123 1295 5198 historiam
1318 5123 1494 5215 recitabo,
1529 5123 1570 5196 in
1592 5147 1662 5218 qua
1685 5124 1785 5213 gravi
1815 5121 1949 5194 iudicio
1976 5119 2099 5216 populi

68 5235 194 5336 refuso
210 5241 378 5316 testatur,
399 5252 472 5300 esse
487 5240 642 5300 mentem
659 5242 837 5300 aeternam
854 5224 1061 5302 architecta·
1110 5227 1283 5310 Romani,
1299 5226 1455 5298 insulsus
1472 5239 1672 5322 praetextus
1690 5225 1812 5296 delicti
1829 5227 2018 5294 damnatus
2034 5235 2098 5294 cst.

71 5325 218 5415 tricem,
251 5333 463 5424 probantem
485 5331 596 5416 iusta,
628 5341 663 5401 et
685 5331 893 5422 punientem
919 5330 1062 5414 iniusta,
1109 5327 1746 5414 FuitAedilisHostiliusMancinus,
1772 5327 1835 5422 qui
1855 5339 1964 5398 noctu
1979 5325 2100 5396 ebrius

71 5429 108 5488 el
130 5447 320 5506 execratur
338 5433 476 5506 furores
500 5433 583 5505 illos
597 5429 809 5529 Cyclopicus
828 5447 1061 5506 contemnen-
1110 5433 1199 5504 adiit
1212 5435 1316 5504 aedes
1332 5431 1507 5506 Maniliae
1523 5429 1738 5514 meretricis,
1764 5429 1919 5523 pustulat
1935 5451 1971 5498 se
1985 5427 2103 5498 intro·

68 5517 161 5595 lium
177 5529 317 5624 Deum,
342 5561 432 5634 quos
444 5535 590 5634 quidem
606 5550 699 5608 certa
721 5549 756 5608 et
769 5537 868 5608 iatali
882 5537 958 5629 lege
981 5549 1062 5608 tan·
1109 5533 1223 5622 mitti,
1249 5535 1386 5608 l'amilia
1403 5537 1500 5606 videt
1513 5533 1648 5606 ebriam
1666 5534 1808 5606 turbam
1822 5553 1909 5618 esse,
1931 5527 2101 5624 iubetque
