4674 6162
210 313 259 388 99
374 305 834 396 EPISTOLARUM,
875 289 1250 380 tnntctotttttt
1287 291 1364 371 ET
1399 291 1799 376 SCRIPTORUM
1848 295 1957 372 LlB.
1981 293 2083 373 XIV.
2177 289 2254 370 100

1031 563 1196 598 Μ

208 482 275 556 No.
291 477 404 556 7095.

215 577 387 610 Μ

469 679 632 780 (natio
657 677 948 776 studiorum.)

282 845 304 914 †
323 843 362 896 Ex
377 841 533 916 apographo
548 842 575 894 in
590 843 653 896 cod.
667 839 778 894 Monac.
791 837 835 891 89.
858 837 911 894 Νο.
928 835 973 888 Vl.
992 853 1018 906 p.
1032 833 1077 888 69.

213 997 334 1075 Ratio
360 997 568 1073 studiorum
632 995 832 1092 roescripto
869 955 1083 1064 Andreae
1120 983 1206 1060 Po-

400 1101 507 1174 lono
532 1127 557 1172 n
574 1022 753 1196 lhilippei
766 1093 1025 1170 Melombone.

215 1241 293 1326 Die
316 1255 440 1327 lamae
465 1271 499 1327 et
515 1255 644 1326 Martis
666 1277 771 1324 mane
793 1275 939 1342 surgens
964 1249 1070 1339 legito
1096 1268 1207 1317 unum

216 1374 322 1448 caput
338 1361 464 1428 veteris
481 1357 693 1443 testamenti,
720 1370 753 1426 et
768 1355 896 1424 ordine
906 1366 1025 1423 textus
1040 1351 1143 1440 legas,
1169 1359 1211 1416 ut

218 1461 343 1530 seriem
366 1455 534 1532 historiae
549 1473 642 1530 recte
658 1461 792 1543 discas,
828 1471 863 1528 et
883 1457 958 1548 ipsa
977 1457 1082 1522 verba
1096 1463 1210 1521 textus

209 1565 306 1636 liant
324 1563 389 1632 tibi
411 1563 613 1636 familiaria.
673 1561 795 1632 Postea
822 1555 908 1628 hora
934 1559 979 1628 sit
1004 1557 1061 1625 die
1086 1552 1210 1622 Lunae

217 1664 449 1758 epistolarum
468 1665 652 1738 Ciceronis
668 1677 729 1734 aut
746 1659 982 1742 Orationum,
1009 1658 1067 1726 die
1082 1654 1211 1724 Martis

221 1763 384 1836 Terentii
417 1783 478 1838 aut
500 1769 675 1838 iucundae
699 1765 860 1833 lectionis
884 1787 924 1831 ex
948 1761 1019 1829 alio
1041 1759 1210 1847 scriptore

218 1869 428 1960 profuturae
456 1873 501 1942 ad
530 1867 783 1962 eloquentiam.
849 1863 1045 1958 Reliquum
1073 1873 1211 1950 tempus

219 1973 540 2044 antemeridianum
565 1973 714 2042 tribuito
737 1968 955 2040 lectionibus
973 1961 1012 2036 V
1012 1961 1058 2032 in·
1079 1975 1114 2032 et
1134 1962 1210 2030 dia-

218 2071 363 2147 lecticis.
416 2073 502 2144 Post
522 2073 705 2142 meridiem
729 2069 851 2142 audito
870 2071 1001 2140 librum
1018 2069 1063 2136 de
1081 2063 1211 2133 Anima

221 2188 255 2242 et
278 2171 468 2244 Ebraicam
490 2173 781 2246 Grammaticam.
854 2169 1049 2264 Reliquum
1074 2182 1212 2256 ternpus

219 2274 369 2348 tribuito
394 2277 480 2346 alias
503 2277 667 2346 exercitio
686 2277 788 2370 styli,
823 2274 910 2344 alias
931 2271 1131 2362 cuicunque
1156 2267 1212 2336 iu·

222 2381 357 2448 eundae
373 2379 518 2448 lectioni
536 2401 714 2449 novorum
733 2391 795 2448 aut
811 2391 970 2446 veterum
989 2372 1211 2464 scriptorum.

324 2529 428 2600 Diem
438 2531 611 2602 Mercurii
624 2544 738 2602 totum
752 2530 901 2600 tribuito
917 2550 1057 2618 graecae
1071 2526 1214 2616 linguae

121 2715 126 2726 ι
222 2647 257 2702 et
273 2627 407 2703 ethicis.
452 2633 525 2704 Nec
541 2634 782 2726 superstitiose
799 2627 857 2702 hic
873 2633 961 2702 ordo
982 2629 1213 2718 intelligatur,

222 2737 282 2826 sed
305 2734 522 2808 misceantur
539 2737 715 2808 iucundae
737 2735 907 2805 lectiones
930 2734 985 2801 vel
1009 2731 1090 2824 styli
1115 2753 1213 2800 exer-

290 2999 375 3058 atiud
391 3019 500 3056 carmen
516 2997 619 3056 ibidem
634 2995 711 3054 hune
725 2995 809 3050 ritum
824 2995 862 3050 ita
879 2993 1016 3067 depingit:

428 3085 598 3230 c„Salpete
612 3097 723 3224 binii&
735 3097 869 3222 ilppppites,

427 3188 793 3366 patiturne

454 3329 531 3382 ospes
549 3319 670 3381 parson,
693 3315 800 3363 somate.

464 3409 570 3466 Bennoi
589 3407 640 3463 iste
658 3407 786 3466 sordidus

427 3480 447 3534 S
467 3477 598 3536 ectandus
615 3476 676 3532 stri·
694 3475 834 3538 cornibus,

425 3499 467 3604 [ll
486 3549 520 3600 sit
539 3565 628 3602 novus
646 3543 836 3614 scholasticus,

425 3615 577 3672 Proritlcrit
594 3615 628 3670 tle
645 3612 789 3671 sumtibus.

459 3717 523 3802 Mos
541 3725 595 3782 est,
612 3715 705 3800 eibum
724 3711 896 3786 magnatibus

416 3785 848 3936 artmano...

424 3925 510 3981 lionis
528 3923 671 3980 studemus
690 3926 846 3978 moribus·

458 4029 576 4100 Lignum
594 4026 724 4084 tricamus
740 4023 896 4087 horridum.

423 4097 553 4159 &usum
571 4095 697 4154 dolemus
714 4095 859 4164 rusticum,
901 4157 904 4164 ¹

422 4169 547 4224 Cursum
565 4163 640 4238 quod
658 4175 698 4226 est
716 4163 769 4220 boc
787 4163 934 4232 flectimus,

422 4237 518 4296 atrum
537 4235 612 4310 qood
630 4245 671 4290 est
689 4232 862 4307 deponimus.

461 4337 502 4393 Ut
519 4337 594 4393 hunc
612 4353 713 4390 norum
731 4351 779 4388 seu
797 4332 913 4388 militem

425 4408 553 4462 Nostrum
570 4405 673 4460 reterre
691 4403 864 4486 innopdinem

424 4483 682 4598 ittett'ttttt
699 4481 739 4597 l:
752 4485 854 4596 tlt..

460 4645 611 4702 Contrariis
629 4645 766 4705 contraria

425 4717 550 4772 Curanda
570 4715 721 4786 pharmacis
740 4713 822 4784 mals,

422 4787 507 4842 feros
527 4781 634 4840 Asellus
652 4784 747 4853 esurit,

421 4855 538 4912 taenea
556 4853 637 4908 labris
654 4853 792 4910 convenit·

459 4952 516 5009 Ubi
534 4952 670 5026 malignus
688 4955 777 5010 nodus
795 4959 846 5022 est,

422 5021 809 5150 dtttttltm'tt‘ttltt?
828 5032 877 5088 ‘¹¹'

422 5161 557 5217 Addcnda
575 5164 662 5217 serbis
684 5165 804 5219 verbera.

461 5269 520 5319 Vos
542 5264 652 5320 interim
673 5265 737 5320 dom
756 5263 865 5322 ludicro

424 5335 545 5403 'lempna
562 5333 631 5388 datis
646 5333 814 5406 spectaculo,

427 5403 522 5458 Vultus
540 5422 649 5460 severos
667 5402 771 5475 ponite,

425 5473 553 5529 Proutem
571 5493 694 5530 serenam
711 5471 820 5529 sumite.

1255 463 1338 538 citia
1354 465 1414 554 ita,
1439 481 1480 540 ut
1494 480 1613 540 tamen
1627 467 1744 541 studia
1759 469 1803 544 ad
1821 469 1977 560 aliquem
1993 481 2127 554 certum
2144 466 2252 534 linem

1256 571 1473 656 reserantur,
1499 587 1534 643 et
1556 572 1705 662 cogites,
1732 571 1819 664 quid
1841 571 1930 640 velis
1945 570 2096 652 discere,
2122 567 2253 638 videli-

1256 686 1311 742 cet
1345 669 1526 742 Ecclesiae
1560 675 1780 757 doctrinam,
1823 669 2042 742 Dialecticen
2073 685 2108 742 et
2142 671 2254 741 latine

1256 775 1436 844 scribendi
1459 775 1655 859 rationem,
1683 799 1843 865 graecam
1864 774 2041 863 linguam,
2075 773 2252 843 elementa

1257 877 1400 966 linguae
1414 879 1591 963 ebroicae,
1615 873 1756 950 ethiccu
1774 891 1810 948 et
1824 878 1998 948 elementa
2016 869 2188 970 physices.

1359 996 1430 1068 Die
1448 995 1543 1066 lovis
1560 1009 1596 1067 et
1611 993 1761 1065 Veneris
1777 1018 1883 1065 mane
1897 1018 2045 1084 surgens
2062 995 2167 1082 legito
2191 1019 2256 1062 ca-

1260 1112 1323 1189 put
1339 1099 1467 1183 yeteris
1482 1097 1694 1183 testamenti,
1719 1112 1879 1188 utsupra
1895 1099 2030 1168 dictum
2047 1111 2109 1169 ast.
2159 1093 2257 1164 Pro-

1257 1203 1389 1270 ximam
1413 1197 1539 1274 horam
1561 1199 1711 1272 tribuito
1736 1197 1831 1270 Livii
1857 1199 2015 1272 lectioni.
2065 1195 2135 1269 Die
2155 1195 2258 1266 lovis

1259 1317 1319 1374 attt
1334 1301 1486 1374 Veneris
1503 1302 1648 1392 Virgilii
1673 1317 1735 1373 aut
1751 1299 1896 1388 Ovidii,
1929 1302 2059 1372 deinde
2079 1300 2255 1370 lectiones

1259 1406 1380 1476 audito
1399 1402 1441 1479 V
1439 1403 1486 1474 ili
1497 1419 1531 1474 et
1548 1404 1747 1488 Paulinam,
1767 1401 1855 1476 hora
1872 1403 2116 1497 pomeridiana
2131 1403 2259 1472 ebrai-

1259 1532 1334 1576 cam
1353 1507 1623 1598 grammaticum
1651 1509 1804 1601 reliquas
1821 1503 1927 1578 horas
1941 1507 2107 1578 iucundis
2123 1503 2257 1574 lectio-

1259 1610 1366 1680 nibus
1381 1625 1443 1682 aut
1459 1609 1624 1680 exercitio
1640 1609 1722 1704 styli
1739 1611 1900 1683 tribuito.
1952 1607 2005 1680 Ac
2019 1609 2133 1710 placet
2148 1601 2258 1686 mihi,

1259 1711 1321 1782 ubi
1340 1713 1495 1803 primum
1511 1713 1627 1798 vales,
1658 1726 1700 1782 ut
1716 1713 1830 1782 discas
1848 1707 2105 1782 arithmeticam
2124 1721 2157 1779 et
2178 1709 2259 1778 ele-

1258 1829 1376 1884 menta
1395 1811 1595 1906 sphaerica,
1622 1839 1683 1884 sen
1700 1814 1864 1905 privatim
1878 1838 1941 1884 seu
1964 1813 2116 1907 publice.
2169 1811 2258 1882 Sint

1260 1917 1344 1988 certi
1362 1918 1449 1986 lines
1465 1917 1637 2010 propositi
1655 1918 1693 1986 in
1713 1917 1900 2003 discendo,
1925 1941 1989 1986 nec
2001 1929 2140 1987 tantum
2156 1915 2255 1984 utin

1261 2021 1348 2089 ludo
1364 2035 1511 2110 vagetur
1525 2022 1686 2102 animus,
1712 2022 1772 2089 sed
1790 2043 1917 2111 genera
1933 2020 2063 2088 artium
2086 2018 2254 2088 conside-

1261 2135 1403 2206 rentur,
1428 2137 1525 2192 etex
1549 2122 1600 2192 eis
1619 2123 1823 2212 deligantur
1842 2145 1902 2206 ea,
1935 2143 2025 2214 quae
2052 2143 2251 2190 accommo-

1261 2225 1343 2294 data
1361 2227 1504 2294 suntad
1522 2225 1647 2311 vitam,
1674 2249 1780 2318 qnam
1795 2225 1979 2295 instituere
1994 2223 2190 2296 decrevisti.

1363 2341 1468 2412 Diem
1484 2343 1631 2414 Saturni
1646 2359 1681 2416 et
1693 2346 1820 2414 festum
1835 2345 1930 2412 ‹liem
1945 2343 2094 2413 tribuito
2107 2343 2256 2412 lectioni

1263 2439 1443 2535 Epistolae
1465 2447 1507 2514 ad
1530 2443 1715 2516 Romanos
1737 2459 1771 2515 et
1801 2445 1960 2516 locorum
1993 2445 2256 2520 communium.

1263 2545 1434 2635 Quotidie
1454 2561 1570 2616 autem
1593 2550 1730 2638 vesperi
1753 2548 1868 2622 iturus
1892 2547 2051 2616 cubitum
2067 2546 2174 2636 legito
2193 2571 2256 2616 ca-

1264 2664 1326 2740 put
1353 2650 1438 2718 novi
1456 2647 1675 2719 Testamenti
1698 2664 1734 2720 et
1757 2650 1866 2718 latine
1889 2661 1923 2719 ct
1944 2671 2082 2738 graece,
2111 2662 2145 2718 et
2165 2674 2257 2742 pro-

1262 2752 1446 2844 prietatem
1470 2753 1662 2820 verborum
1684 2751 1855 2820 mediocri
1875 2751 2064 2840 diligentia
2089 2751 2259 2822 conside-

1264 2867 1352 2924 rato.
1414 2851 1465 2922 lta
1490 2854 1642 2924 multum
1667 2869 1701 2926 et
1724 2855 1761 2922 in
1783 2853 1945 2928 doctrina
1968 2849 2145 2924 Ecclesiae
2168 2879 2259 2946 pro-

1263 2955 1376 3039 ficies,
1402 2969 1436 3024 et
1452 2956 1490 3023 in
1506 2955 1648 3046 linguae
1666 2979 1808 3046 graecae
1826 2955 2038 3046 cognitione.

1366 3071 1409 3142 ln
1433 3074 1629 3167 scribendis
1649 3075 1806 3170 epistolis
1830 3074 1971 3144 imitare
1993 3087 2146 3146 veterem
2169 3075 2258 3146 lati-

1265 3199 1348 3246 nam
1369 3179 1681 3261 consuetudinem,
1715 3201 1780 3258 uec
1802 3199 1941 3268 semper
1960 3177 2010 3250 ita
2033 3177 2186 3264 scribas,
2214 3195 2256 3250 ut

1264 3279 1432 3369 epistolae
1448 3280 1519 3349 sint
1535 3280 1670 3348 similes
1691 3279 1903 3350 concionum
1927 3279 2259 3367 ecclesiasticarum,

1264 3382 1327 3452 sed
1350 3382 1487 3471 potius,
1513 3394 1555 3450 ut
1575 3380 1727 3450 formam
1748 3375 1905 3483 habeant
1916 3381 2106 3452 oratoriam
2123 3394 2158 3452 et
2171 3405 2259 3454 vere

1264 3483 1505 3574 epistolarem,
1538 3483 1691 3552 similem
1722 3483 1846 3576 aliquo
1873 3485 1981 3554 modo
2011 3479 2262 3556 Ciceronianis

1265 3585 1442 3676 epistolis,
1482 3598 1517 3656 et
1547 3584 1715 3655 familiari
1748 3586 1923 3672 sermoni,
1963 3590 2260 3658 commemoranti

1266 3688 1438 3779 privatam
1456 3687 1751 3762 benevolentiam.

2054 3783 2121 3864 Ph.
2150 3787 2206 3868 Μ.

1262 4191 1329 4268 Νο.
1346 4193 1459 4270 7094.

1263 4291 1476 4334 Μ

2074 4293 2252 4330 m

1399 4393 1497 4512 (De
1527 4402 1817 4488 imtitutionc
1841 4402 2123 4517 puerormn.)

1331 4581 1352 4645 †
1369 4577 1407 4632 Er
1421 4596 1515 4652 apogr.
1528 4577 1558 4634 in
1570 4577 1634 4637 cod.
1648 4577 1731 4636 Gotb.
1742 4579 1803 4638 ⁴02.
1821 4599 1846 4656 p.
1859 4581 1911 4639 418
1918 4582 1946 4640 b.

1314 4867 1441 4960 „Phtt
1457 4868 1556 4948 Met.
1578 4870 1621 4945 de
1636 4751 1919 4975 duidllbsllpirieris
1938 4878 2208 4959 instituendis.”

1185 5061 1188 5066 ,
1262 4997 1335 5084 (Est
1349 4999 1551 5080 fragmentum
1567 5005 1710 5083 epistolae
1727 5005 1764 5067 ad
1786 5011 1918 5068 unicum
1935 5009 2104 5092 quendam
2131 5011 2260 5075 tortasse

1262 5097 1346 5165 Gau.
1361 5099 1558 5166 Relffenstein
1573 5107 1682 5186 scripta
1699 5119 1760 5186 est,
1787 5109 1913 5192 quodsi
1934 5133 2038 5174 rerum
2059 5127 2153 5192 esset,
2179 5121 2259 5178 scri-

1522 5219 1604 5288 ptam
1617 5222 1754 5290 putarem
1770 5231 1849 5275 auno
1871 5213 1995 5294 rsst.)

1260 5333 1406 5443 0piuor
1441 5377 1633 5443 puerorum
1667 5357 1866 5430 doctrinam
1903 5385 1976 5429 non
2010 5385 2083 5430 esse
2120 5388 2255 5453 parem.

1259 5452 1369 5536 Nam,
1402 5456 1430 5526 si
1463 5480 1535 5526 nort
1564 5458 1689 5546 fallor,
1721 5461 1811 5532 alter
1840 5476 1933 5534 tenet
1963 5464 2032 5534 iam
2060 5484 2247 5559 praecepta
