4652 6178
232 259 307 338 aas
817 231 1237 342 ooaosrrouas
1274 231 1674 316 acannurcan
2060 243 2068 256 ·
2154 249 2211 322 ao

236 430 372 513 debeat,
397 447 437 496 se
455 421 651 496 dummodo
663 419 763 490 illam
776 430 958 514 sequatur,
982 419 1087 500 ferre,
1114 414 1224 510 quid·
1271 433 1379 506 quam
1400 423 1442 482 ut
1463 433 1484 480 a
1505 433 1564 480 me
1585 409 1771 481 commode
1792 407 1960 502 explicari
1982 425 2095 505 queat,
2122 415 2216 490 delere
2263 410 2264 416 ’

235 531 324 628 quid
338 524 615 610 Deusvdederit,
641 521 797 613 Quando
816 521 945 616 cuique
967 515 1105 592 homini
1130 515 1224 588 divi·
1271 535 1351 584 earn
1365 514 1411 584 sd
1429 512 1618 584 dominum
1632 512 1827 587 Decanum.
1860 510 1973 583 'Dixi

236 634 333 705 nitus
347 630 527 724 proposita
540 625 586 697 sit
600 639 694 696 meta
708 625 819 706 vitae,
846 647 952 720 quam
977 647 1093 696 nemo¹
1106 635 1223 692 traus-

236 737 290 806 ire
312 733 441 827 possit,
475 729 686 822 nequidem
709 727 738 796 si
761 727 800 795 in
828 751 933 798 eavea
958 749 995 796 se
1020 725 1222 795 concludat.

235 836 329 910 Com
354 831 516 930 tyrannis
538 853 622 900 vero
646 829 786 898 nullum
808 829 952 911 loedus,
987 829 1129 900 nullum
1159 825 1225 909 ios,
1274 865 1330 939 No
1354 867 1404 938 30
2014 823 2053 938 ω
2069 871 2105 937 Se
2123 889 2134 937 t
2151 878 2213 942 1545

237 935 331 1010 nihil
346 937 500 1030 denique
521 955 708 1010 commune
729 953 821 1015 esse,
847 943 888 1002 ut
909 953 930 1001 a
952 931 1084 1025 quibus
1104 927 1224 1000 omnia
1276 917 1416 991 „ia-3
2030 899 2221 1004 Q·
2268 982 2269 996 χ

238 1043 338 1126 iura,
363 1041 475 1129 leges,
498 1049 532 1106 et
546 1034 722 1129 quidquid
745 1033 842 1124 pium
865 1047 926 1104 aut
950 1045 1110 1102 sanctum
1133 1031 1226 1098 inter
1346 1043 1379 1098 tn
1395 1039 1700 1122 (tremebundam.
1735 1048 2215 1125 trentncemtt.b1et.tt.t.pata.
2269 1098 2270 1104 ,

239 1140 403 1214 homines
419 1150 598 1221 censetur,
623 1137 847 1226 profanatum
865 1159 904 1204 ac
928 1135 1106 1205 sublatum
1127 1143 1226 1215 esset,

239 1241 288 1316 Et
301 1245 345 1314 ad
359 1265 449 1337 quos
463 1240 633 1310 delendos
647 1237 745 1308 velut
762 1237 806 1306 ad
821 1237 1003 1328 publicum
1020 1235 1233 1326 incendium*
1279 1207 1455 1314 9⁸⁰⁰⁸il⁰
1483 1213 1676 1300 Pl⁰ll⁰⁸⁸⁸iss
1703 1212 1752 1284 D·
1774 1214 1966 1284 ΕΜΜΜ
1995 1211 2138 1299 Flotll,
2164 1235 2224 1286 cast

240 1369 365 1418 omnes
390 1341 552 1414 homines
576 1363 786 1410 concurrere
816 1341 998 1412 deberent.
1058 1331 1228 1407 Occurrit
1280 1305 1547 1382 destinentur
1570 1315 1607 1384 02'
1632 1314 1768 1386 illullss
1790 1317 2001 1388 Doctorum
2021 1319 2060 1388 itt
2079 1325 2152 1388 erle
2169 1338 2226 1390 ost·

239 1444 309 1520 hoc
328 1447 433 1517 etiam
453 1443 546 1534 illis,
571 1442 600 1512 si
623 1441 821 1513 crudelitati
847 1443 1049 1535 tyrannicae
1074 1437 1228 1531 patroci·
1381 1495 1383 1500 ,
1472 1410 1572 1484 diva·
1624 1415 1694 1488 An.
1714 1414 1827 1492 1545.
1857 1415 2056 1511 10.δορίὺ.

241 1563 391 1634 nentur,
417 1570 523 1641 mam
542 1543 780 1636 periculosum
795 1545 839 1612 ad
855 1557 1012 1632 posteros
1027 1541 1226 1632 exemplum
1279 1531 1449 1615 Aetatem
1470 1560 1630 1618 nostram
1651 1551 1803 1620 maxime
1819 1553 1919 1622 decet
1933 1554 2227 1646 verecundiaque
2273 1556 2274 1584 l

242 1677 325 1724 suae
341 1673 483 1746 quoque
500 1647 633 1739 patriae
648 1645 808 1717 relicturi
826 1646 908 1731 sint,
930 1669 1113 1740 quaecum
1131 1644 1227 1713 iuxta
1280 1661 1374 1717 certe
1400 1647 1549 1739 impedit
1574 1675 1723 1741 pueros,
1752 1656 1908 1724 modesta
1932 1657 2054 1726 indole
2079 1657 2228 1748 praeditos,

242 1758 355 1845 legem
378 1775 498 1824 rerum
523 1745 779 1835 humanarum,
812 1747 937 1816 iisdem
961 1750 1041 1818 telis
1064 1749 1228 1818 fortunae
1281 1771 1326 1818 ne
1341 1749 1380 1816 in
1395 1751 1593 1844 frequentia
1609 1755 1788 1824 seniorum
1806 1769 1840 1825 et
1863 1758 2141 1844 gravissimorum
2159 1757 2227 1824 viro·

243 1856 400 1950 exposita
421 1855 487 1938 sit,
520 1865 554 1922 ct
573 1851 667 1920 idem
697 1850 753 1920 illi
784 1851 941 1922 accidere
971 1852 1096 1942 possit,
1132 1848 1227 1941 quod
1281 1874 1362 1921 rum
1384 1851 1500 1922 dicere
1524 1854 1654 1928 ausint.
1713 1855 1833 1946 Quare
1854 1859 2005 1930 miretur
2024 1857 2158 1953 aliquis,
2187 1879 2229 1926 cot

244 1961 378 2029 virtute
411 1969 517 2048 atque
547 1954 675 2045 opibus
709 1953 980 2023 florentissimae
1005 1949 1228 2024 Athenarum
1281 1951 1407 2024 Pueris
1422 1955 1675 2048 praecipiatur,
1702 1971 1743 2028 ut
1754 1954 1822 2029 hoc
1836 1962 1913 2030 loco
1935 1962 2149 2053 quaestiones
2168 1959 2229 2028 reci·

242 2059 326 2133 urbi
349 2059 546 2130 accidisset:
584 2055 762 2127 Videbant
780 2058 874 2140 lore,
900 2068 940 2126 ut
954 2057 1115 2124 omnium
1133 2051 1230 2122 iudi·
1282 2067 1369 2128 tent.
1420 2053 1491 2126 Sed
1507 2051 1576 2127 hoc
1593 2083 1734 2153 quoque
1751 2063 1941 2132 verecundi
1957 2064 2089 2154 ingenii
2104 2077 2161 2146 est,
2178 2083 2226 2128 oon

244 2165 299 2235 cio
315 2162 441 2232 merito
457 2157 564 2251 plecti
591 2158 814 2242 dicerentur,
842 2158 903 2249 qui
926 2157 993 2246 ipsi
1016 2153 1109 2226 hanc
1130 2153 1228 2249 quasi
1283 2157 1463 2246 disputare
1480 2159 1524 2226 de
1540 2163 1652 2230 causis
1677 2165 1817 2252 legum,
1849 2163 1910 2233 sed
1933 2169 2090 2236 modeste
2112 2163 2223 2243 obedire,

242 2267 355 2356 legem
372 2263 441 2332 sibi
455 2259 675 2344 statuissent,
697 2260 780 2350 quia
805 2259 1009 2352 tyrannicae
1031 2255 1230 2325 immanita·
1284 2258 1348 2327 etsi
1362 2280 1503 2328 causam
1518 2255 1609 2332 hanc
1627 2287 1700 2333 esse
1721 2279 1827 2357 puto,
1858 2279 1899 2336 ut
1923 2291 1942 2335 a
1966 2269 2097 2339 teneris
2118 2263 2225 2354 incipia-

244 2368 291 2440 tis
316 2366 496 2436 adiutores
519 2385 555 2430 se
579 2383 618 2428 ac
635 2362 836 2430 defensores
858 2359 1111 2450 praebuissent.
1165 2354 1231 2424 llis
1283 2381 1362 2429 mus
1378 2359 1602 2456 considerare
1617 2360 1681 2434 hos
1695 2379 1830 2438 vestros
1847 2391 2072 2458 congressus,
2098 2382 2127 2439 et
2144 2367 2229 2458 aliquo

167 2481 175 2494 ”
244 2471 412 2562 inquam,
438 2481 471 2534 et
487 2461 662 2533 similibus
679 2464 791 2532 causis
809 2461 896 2531 moti
913 2462 1079 2531 videntur
1096 2460 1154 2531 isti
1176 2460 1231 2527 iu·
1286 2462 1392 2530 modo
1408 2463 1607 2534 studiorum
1624 2462 1780 2538 honores
1793 2469 1928 2540 mirari.
1980 2471 2231 2561 Vosigiturorq

245 2572 359 2652 dices,
384 2581 426 2639 ut
443 2565 654 2636 Pausaniam
670 2566 743 2634 suis
759 2565 901 2634 calculis
916 2564 1150 2632 absolverent.
1285 2577 1324 2634 ut
1340 2561 1512 2654 puerilem
1526 2569 1723 2640 orationem
1739 2557 2025 2664 meam'propter
2046 2567 2233 2644 consuetudi·

350 2669 419 2742 Sed
437 2693 511 2739 non
527 2665 716 2738 defuerunt
734 2681 767 2738 et
784 2665 887 2737 alteri
907 2666 998 2758 parti
1014 2675 1233 2754 argumenta,
1285 2689 1365 2734 nem
1381 2659 1566 2737 honestam
1578 2673 1753 2761 patienter
1769 2674 1932 2747 audiatis.

246 2775 378 2870 quibus
411 2769 634 2842 autoritatem
677 2793 759 2842 suae
800 2769 994 2840 sententiae
1037 2780 1233 2838 tuerentur.
1385 2763 1559 2839 Recitaho
1577 2786 1693 2842 autem
1711 2769 1895 2846 historiam
1917 2769 2232 2867 adtemptatam

245 2875 361 2949 Erant
383 2873 525 2970 tyranni
551 2871 636 2940 socii
662 2871 938 2965 Spartanorum,
974 2869 1234 2942 erantloedere
1285 2893 1354 2963 qua
1371 2869 1486 2938 oritur
1500 2875 1657 2964 quaestio
1676 2871 1836 2969 Physica.
1893 2885 1897 2894 “
1946 2917 1947 2920 =

246 2977 379 3058 iuncti,
403 2987 503 3048 erant
519 2975 719 3043 defensores
736 2973 889 3064 partium
904 2971 1172 3056 Laconicamm,
1196 2970 1234 3037 in
1389 2969 1568 3063 Tempore
1582 2971 1711 3046 loliani
1728 2977 1957 3070 Imperatoris
1977 2979 2163 3072 praelectus
2181 2967 2236 3064 ql·

245 3085 337 3154 urbe
351 3077 494 3148 inimica
510 3075 725 3146 videbantur
739 3099 812 3145 non
828 3075 935 3143 fuisse
951 3074 1147 3143 deserendi.
1188 3067 1235 3141 Et
1286 3075 1388 3151 dam,
1401 3129 1404 3144 .
1415 3068 1523 3143 homo
1541 3073 1747 3169 prophanus
1763 3095 1796 3150 et
1814 3083 1946 3164 audax,
1974 3081 2037 3175 qui
2054 3080 2161 3172 palam
2181 3095 2236 3162 pcr-

247 3185 375 3254 iactata
399 3193 452 3252 est
473 3174 569 3248 haud
596 3177 706 3248 dubie
729 3177 789 3246 illa
814 3201 881 3245 vox
906 3177 1052 3246 alterius
1068 3174 1235 3266 Spartani
1285 3171 1402 3244 hiberi
1418 3176 1558 3246 volebat
1571 3174 1682 3250 hostis
1696 3181 1760 3250 lilii
1778 3177 1865 3267 Dei,
1889 3180 2042 3252 Domini
2064 3177 2168 3252 nostri
2181 3171 2237 3244 lesu

247 3283 444 3375 Principis,
480 3281 542 3374 qui
572 3280 726 3352 dixerat:
765 3277 964 3350 Honestum
995 3301 1069 3348 esse
1100 3274 1236 3346 haben·
1286 3273 1438 3362 Christi,
1480 3280 1655 3370 spoliabat
1675 3283 1847 3375 templum
1870 3279 2087 3354 Antiochiae
2108 3273 2240 3374 inSyria

249 3389 357 3471 dum,
381 3382 557 3479 quidquid
572 3382 721 3473 Spartae
742 3383 829 3452 utile
846 3395 944 3456 esset.
996 3379 1092 3453 Utile
1117 3393 1234 3450 autem
1284 3379 1383 3448 iussu
1404 3377 1640 3470 Imperatoris.
1692 3382 1784 3456 Cum
1807 3365 1924 3456 autem
1947 3387 2004 3480 pii
2027 3387 2241 3478 gubernatam

249 3489 439 3559 videbatur
453 3487 497 3554 ad
511 3485 736 3554 retinendum
753 3483 941 3577 imperium
961 3479 1140 3567 Graeciae,
1156 3481 1237 3574 qui·
1286 3477 1461 3550 Ecclesiae
1475 3497 1634 3574 peterent
1648 3487 1843 3579 supplices,
1868 3512 1913 3556 ne
1928 3489 2100 3580 pecunia,
2124 3508 2183 3580 qua
2195 3475 2242 3548 ni·

249 3593 459 3682 buscunque
498 3585 651 3656 vinculis
690 3588 914 3657 constrictam
953 3597 1073 3656 tenere
1110 3585 1235 3654 urbem
1287 3581 1389 3652 nistri
1402 3577 1601 3676 Evangelii,
1618 3602 1653 3660 et
1668 3587 1771 3660 multi
1786 3589 1906 3660 miseri
1923 3591 2021 3662 cives
2035 3588 2150 3660 alendi
2163 3589 2243 3660 erant,

252 3687 530 3774 Atheniensem,
552 3711 617 3758 nec
631 3691 846 3780 permittere,
873 3700 912 3757 ut
927 3687 986 3756 illa
1004 3709 1160 3780 unquam
1180 3707 1235 3754 re·
1286 3685 1499 3756 arraserretur:
1523 3687 1724 3762 Praefectus
1740 3677 1850 3761 multa
1878 3692 2132 3762 contumeliose
2149 3687 2244 3757 adver·

212 3875 217 3892 ,
250 3794 386 3886 spirare
407 3804 469 3862 sut
492 3803 596 3881 caput
628 3790 760 3879 erigere
783 3804 909 3879 posset.
970 3786 1237 3860 Commemora-
1286 3809 1345 3856 sus
1377 3779 1559 3860 Christum
1601 3793 1770 3888 loquutus
1801 3794 1906 3864 urina
1941 3793 2136 3886 conspersit
2164 3806 2245 3856 arao·

225 3898 385 3966 'bantur
415 3892 549 3962 multae
585 3893 702 3961 clades
737 3892 841 3974 belli,
880 3891 1012 3986 quibus
1039 3890 1166 3982 Sparta
1193 3889 1238 3956 ab
1288 3889 1415 3958 Statim
1431 3903 1548 3962 autem
1565 3894 1755 3986 exportatis
1771 3889 1963 3980 thesauris,
1990 3898 2117 3966 morbo
2131 3905 2246 3983 oppres*

252 3993 535 4070 Atheniensibus
550 3993 674 4064 allecta
698 4009 788 4073 erat,
815 4009 848 4066 et
873 3993 1045 4084 pericula,
1070 4015 1160 4084 quae
1183 3990 1239 4058 illi
1288 4013 1346 4058 sus
1364 4003 1435 4070 est,
1458 3991 1497 4060 in
1515 4019 1585 4089 quo
1603 3995 1782 4068 intestinis
1798 3997 1889 4067 inira
1913 3989 2055 4082 effusis,
2077 4009 2245 4066 excremen-

253 4099 518 4190 impenderent‚
543 4094 574 4165 si
595 4096 682 4166 urbs
707 4092 826 4166 Attica
848 4117 1007 4190 unquam
1033 4093 1126 4170 vires
1148 4091 1239 4162 reci·
1288 4105 1363 4161 tum
1387 4115 1462 4162 non
1482 4095 1666 4184 deorsum,
1706 4099 1768 4168 sed
1792 4121 1932 4168 sursum
1955 4123 2022 4190 per
2041 4099 2154 4190 gulam
2176 4103 2247 4160 εἶθ’

253 4213 363 4294 peret.
416 4197 459 4270 ln
477 4193 544 4268 hoc
560 4197 670 4288 igitur
683 4199 831 4268 salutem
848 4198 982 4288 patriae
1004 4196 1095 4268 verti
1119 4217 1238 4263 cense-
1289 4192 1420 4279 emisit,
1446 4211 1487 4267 ut
1502 4201 1772 4280 admoneretur,
1797 4200 1917 4293 quales
1941 4203 2067 4270 sordes
2090 4211 2183 4270 antea
2202 4207 2248 4281 ptr

252 4305 360 4384 hant,
384 4315 425 4374 ut
440 4295 675 4372 Athenienses
692 4324 796 4394 quam
812 4299 965 4372 ,maxime
984 4311 1239 4389 premerentur,
1289 4317 1329 4364 os
1351 4295 1535 4384 edidisset,
1569 4327 1649 4374 cum
1672 4297 1869 4372 horrendas
1894 4296 2132 4394 blasphemias
2154 4305 2248 4367 cootra

254 4406 350 4499 qood
376 4427 440 4496 per
463 4416 634 4496 tyrannos
655 4401 941 4472 commodissime
963 4401 1039 4470 lieri
1064 4423 1164 4491 posse
1185 4399 1239 4464 vi·
1288 4397 1402 4468 lilium
1419 4395 1487 4470 Dei
1502 4403 1603 4480 dixit.

255 4508 419 4579 debatur.
470 4503 550 4573 Non
574 4504 683 4594 igitur
707 4498 775 4573 hoe
796 4503 936 4572 frenum
963 4502 1128 4571 inimicae
1156 4501 1238 4570 urbi
1389 4497 1604 4598 Exemplum
1622 4509 1789 4577 admonet
1805 4527 1948 4592 omnes,
1973 4529 2021 4575 ne
2040 4503 2155 4574 dicant
2170 4495 2249 4568 Blas-

255 4609 446 4680 laxandum
460 4605 588 4690 luisse,
613 4608 673 4674 sed
688 4607 820 4677 arctius
837 4604 1130 4694 adstringendum
1145 4603 1240 4672 iudi·
1289 4596 1458 4696 phemias.

255 4709 393 4784 cabant
444 4705 609 4800 Speciose
626 4707 690 4778 ista
701 4715 743 4778 'et
758 4701 854 4776 haud
876 4707 985 4776 dubie
1005 4729 1085 4776 cum
1108 4705 1241 4776 multo-
1393 4703 1463 4776 Sed
1498 4709 1543 4779 de
1572 4707 1747 4778 meatibus
1782 4704 1886 4778 ctiam
1919 4705 2131 4795 interrogari
2154 4703 2252 4794 potest,

255 4835 337 4892 rum
353 4809 604 4882 assensudicta
620 4823 715 4882 sunt.
767 4807 978 4880 Praesertim
1006 4810 1044 4879 in
1066 4808 1156 4878 urbe
1179 4829 1241 4876 su·
1290 4810 1471 4903 quomodo
1486 4823 1619 4880 stercus
1635 4830 1773 4878 sursum
1790 4809 1943 4900 pellatur
1958 4810 1996 4878 in
2011 4804 2152 4900 gulam?
2195 4793 2251 4869 lit·

254 4911 385 5006 perba,
416 4923 453 4984 et
473 4909 607 4980 recemi
634 4933 792 4981 successu
819 4935 940 4982 rerum
964 4911 1075 4994 elata,
1108 4911 1147 4978 id
1171 4933 1240 5002 qua
1290 4911 1374 4979 citat
1389 4911 1587 5002 exemplum
1598 4925 1631 4980 et
1641 4907 1801 4979 Galenus
1816 4910 1976 4980 incausis
1992 4913 2253 5005 symptomatum,

248 5011 368 5086 ¹animi
382 5012 467 5083 odio
479 5007 751 5083 Atheniensium
769 5013 958 5084 exulcerati
972 5024 1083 5088 erant.
1110 5025 1142 5080 et
1160 5010 1240 5079 vut-
1291 5023 1325 5082 et
1341 5028 1460 5081 nostra
1477 5025 1572 5083 aetas
1587 5011 1751 5080 meminit
1765 5012 1923 5106 aliquos,
1949 5013 2010 5106 qui
2028 5035 2108 5081 cnm
2132 5003 2253 5078 luissent

127 5126 136 5138 “
255 5115 404 5188 neribus
419 5113 505 5185 belli
518 5115 679 5184 nondum
697 5113 850 5185 obducta
867 5115 1022 5185 cicatrix.
1061 5109 1158 5182 Haec
1174 5111 1241 5202 igi·
1290 5113 1455 5184 maledici
1477 5103 1656 5184 ¹adversus
1687 5109 1875 5204 Evangelii
1908 5113 2127 5196 doctrinam,
2167 5091 2252 5174 sinti!l

255 5233 317 5290 tur
339 5215 512 5288 sententia
537 5215 662 5306 procul
683 5216 795 5286 dubio
814 5216 929 5304 magis
955 5217 1028 5284 visa
1050 5227 1101 5284 est
1124 5235 1197 5282 esse
1221 5237 1241 5282 e
1290 5215 1398 5283 modo
1414 5217 1638 5288 interierunt.

255 5319 474 5410 Republica,
514 5317 624 5390 alters
647 5343 729 5387 vero
752 5317 960 5388 clementior
989 5331 1025 5387 et
1047 5313 1240 5388 honestior.
1392 5315 1541 5388 Causam
1559 5329 1675 5386 autem
1694 5309 1787 5386 hanc
1806 5339 1878 5384 esse
1893 5328 1991 5408 puto,
2017 5339 2098 5385 cum
2112 5305 2255 5380 interiort

255 5421 326 5496 Sed
342 5444 423 5494 cnm
439 5421 507 5491 ists
521 5419 759 5492 oontroversis
775 5418 917 5509 gravior
930 5443 970 5492 ac
983 5417 1165 5489 difficilior
1182 5416 1241 5504 sit,
1291 5431 1325 5490 ct
1342 5419 1511 5490 crassiora
1526 5419 1693 5491 intestina
1709 5419 1819 5492 effusa
1832 5433 1934 5505 sunt,
1961 5417 2059 5513 qood
2081 5415 2120 5488 lit
2138 5413 2173 5482 in
2195 5423 2257 5474 ωδ·
