4652 6178
64 315 143 394 iis
657 313 1080 412 ouausriuiins
1115 307 1521 408 iuinnnicin
1938 271 1943 278 ’
2033 307 2111 384 'nt

61 489 162 562 enini
177 489 297 560 deesse
317 487 474 560 nitorem
490 502 526 561 et
540 465 768 583 splendorem
784 490 941 562 orationi
955 515 1066 578 meae,
1117 502 1179 576 est,
1205 513 1276 577 ess,
1300 515 1393 586 quas
1407 483 1542 564 habsnt
1556 483 1725 587 Physicis
1739 513 1872 577 musas,
1897 501 1932 562 et
1946 485 2113 562 sitiones

61 617 172 689 quem
185 587 247 663 hic
260 592 359 662 locus
377 591 539 686 requirit.
587 593 723 666 Partim
745 593 841 664 enim
856 609 984 666 natura
1008 617 1065 664 re-
1115 590 1193 664 Has
1208 588 1429 666 irroratione
1445 595 1657 688 probamus:

60 703 220 790 pugnat,
252 719 342 790 quae
371 695 464 765 illud
487 695 657 768 floridum
683 697 827 768 dicendi
850 721 960 788 genus
988 721 1063 768 non
1219 692 1480 794 Ordinationes
1492 695 1560 768 Dsi
1577 697 1617 766 ln
1638 709 1767 768 ustum
1779 697 1989 778 observare,
2014 695 2113 788 pium

57 812 181 894 potest
197 798 348 892 assequi,
374 798 504 889 partim
521 799 714 893 impeditus
729 801 811 870 aliis
824 800 965 887 studiis,
988 815 1063 870 non
1115 797 1339 892 stutileest,
1362 813 1513 872 nonest
1529 799 1826 893 superstitiosum.
1876 798 1967 872 Nani'
1987 821 2114 892 super»

57 902 214 998 perinde
228 925 285 971 ine
302 901 509 972 indicendo
525 926 686 974 exercere
702 899 816 996 potui.
866 901 939 974 Sed
956 925 1063 974 cona-
1114 901 1251 973 stitiosa
1265 907 1367 990 sunl,
1392 927 1572 998 quaenon
1587 897 1721 976 batem
1734 924 1856 974 causas
1869 899 2056 1000 Physicis,
2077 907 2114 972 el

57 1007 128 1078 bor
156 1003 334 1076 brevitate
364 1003 523 1075 taedium
545 1006 648 1078 iobis
675 1008 804 1082 levare.
864 1003 913 1077 Ui
944 1020 1061 1088 sutem
1114 1003 1360 1076 ordinationes
1377 1005 1455 1078 Dei.

57 1106 320 1197 consuetudini
339 1106 450 1178 reteri
470 1131 607 1180 morem
630 1133 767 1201 geram,
803 1107 992 1200 disputabo
1017 1110 1062 1180 de
1119 1169 1123 1178 .
1215 1105 1288 1179 Sed
1305 1107 1571 1180 observationes
1584 1105 1828 1200 Astrologieae
1841 1123 1927 1182 siuit
1942 1111 2113 1181 observa-

56 1212 219 1308 quadam
233 1209 459 1306 quaestione,
484 1211 666 1302 videlicet,
695 1212 776 1307 quis
791 1211 838 1285 sit
860 1212 1062 1282 intellectus
1114 1210 1229 1282 'tiones
1253 1235 1442 1283 causarum
1467 1206 1719 1307 Physicarum,
1743 1235 1834 1307 quas
1857 1226 1942 1284 sunt
1964 1213 2112 1284 ordina·-

55 1315 151 1407 tegis
170 1307 219 1411 ⁸)
253 1313 294 1384 in
332 1309 373 1384 G
408 1333 499 1406 quae
531 1309 802 1392 Mathematicos
836 1339 911 1386 nori
945 1315 1062 1386 solum
1113 1313 1229 1385 tiones
1245 1313 1325 1385 Dei.
1376 1314 1480 1386 Sicut
1499 1315 1720 1386 medicorum
1744 1313 2004 1408 praedictiones
2028 1329 2113 1388 suut

56 1419 227 1502 damnat,
251 1415 433 1487 sedetiam
448 1416 654 1490 civitatibus
669 1417 785 1504 aiieit,
810 1418 883 1488 imo
898 1432 933 1487 et
948 1418 1062 1489 iuter·
1113 1417 1379 1488 observationes
1393 1412 1567 1513 Physicae
1580 1439 1765 1488 causarum
1782 1431 1816 1488 et
1829 1419 2030 1504 effectuum,
2053 1440 2112 1488 ce-

55 1521 116 1593 tei
141 1519 253 1592 iubet.
304 1517 379 1590 Nee
401 1518 552 1592 dubium
577 1535 648 1606 est,
679 1521 769 1616 quin
790 1519 865 1592 Lex
891 1519 1062 1614 loquetur
1113 1519 1234 1591 leritiis
1250 1521 1416 1612 pulsuum
1433 1520 1473 1588 in
1492 1519 1647 1605 arteriis,
1661 1519 1848 1610 signifieat
1862 1517 2109 1612 vehementem

55 1625 102 1696 de
118 1621 406 1694 divinationibus
420 1645 482 1694 seu
506 1625 820 1714 praedictionibus·
869 1621 961 1694 Nam
982 1647 1061 1694 cae-
1113 1623 1270 1692 calorem
1284 1636 1320 1694 et
1334 1635 1471 1694 motum
1484 1623 1614 1708 cordis,
1637 1619 1730 1694 Naiii
1744 1637 1863 1694 motus
1876 1623 1995 1696 cordis
2009 1622 2111 1716 pellit

56 1743 154 1802 teres
178 1739 297 1818 partes
313 1718 594 1813 Mathematum,
619 1722 689 1798 hoc
703 1741 772 1813 est,
800 1720 1060 1797 Aritbmeticen
1113 1725 1260 1817 spiritus
1283 1725 1322 1794 in
1344 1724 1503 1798 arterias.
1556 1722 1612 1795 lta
1627 1725 1801 1818 comperit
1813 1721 2025 1816 Astrologus
2042 1723 2111 1798 Su-

55 1825 355 1904 etGeometriam
372 1828 508 1898 discere
522 1832 706 1921 approbat.
759 1829 854 1900 lllud
875 1829 986 1918 igitur
1000 1853 1061 1900 reu
1112 1828 1182 1897 lem
1198 1823 1333 1900 habere
1349 1828 1422 1897 vim
1439 1825 1689 1913 calefaciendi,
1712 1825 1854 1898 Lunam
1870 1823 2111 1903 humectandi.

55 1934 112 2006 nit
128 1933 169 2002 iii
184 1930 446 2026 quaestionem:
474 1925 534 2000 Ais
548 1927 612 2003 lex
627 1927 777 2004 damnet
788 1927 1060 2030 praedictiones
1113 1929 1234 2020 Quare
1250 1929 1423 2024 praedicit
1433 1927 1574 2000 Lunam
1597 1927 1637 1998 in
1657 1935 1736 2002 aire
1751 1944 1787 2002 et
1802 1927 2013 2024 corporibus
2030 1931 2110 2002 aui·

55 2029 349 2130 Astrologieas?
367 2033 583 2129 Quanquam
599 2050 718 2108 autem
734 2056 776 2106 ex
791 2035 908 2106 alieni
923 2035 1060 2128 proles·
1111 2033 1287 2104 manlium
1320 2029 1528 2104 humidiora
1567 2045 1845 2124 temperamenta
1880 2035 2033 2119 efficere,
2072 2045 2111 2104 et

55 2141 180 2224 sione,
203 2133 273 2210 boc
286 2149 358 2223 cst,
379 2161 420 2207 er
434 2137 539 2208 libris
553 2135 882 2212 iureconsultomm
897 2138 1058 2232 quaestio
1112 2135 1283 2226 aprimis
1307 2134 1543 2229 qualitatibus
1566 2136 1742 2204 secundae
1773 2133 1948 2208 oriuntur.
2008 2128 2111 2208 Talis

55 2253 205 2334 sumpta
225 2241 288 2326 sit,
311 2252 432 2310 tamen
450 2241 534 2310 satis
551 2253 705 2330 constat,
731 2267 809 2312 eam
824 2243 869 2311 ad
885 2253 1000 2312 noret
1014 2241 1059 2312 ad
1110 2237 1221 2329 igitur
1244 2237 1462 2322 observatio,
1495 2259 1576 2306 cum
1599 2238 1737 2307 oriatur
1759 2261 1780 2307 a
1804 2239 1923 2309 causis'
1936 2233 2110 2335 Physicis,

57 2365 191 2416 omnes
216 2337 469 2436 Philosophiae
497 2345 676 2417 studiosos
704 2345 893 2438 pertinere.
950 2341 1061 2416 Deest
1112 2361 1204 2436 quse
1220 2353 1304 2412 sunt
1318 2339 1442 2411 divina
1458 2338 1654 2425 ordinatio,
1675 2339 1737 2432 pia
1752 2353 1821 2423 est,
1844 2337 1990 2414 etutllis
2004 2341 2109 2412 eltae·

57 2447 161 2520 cnint
178 2469 241 2516 nos
256 2445 453 2537 intelligere
469 2461 672 2518 nostrarum
688 2448 820 2519 artium
836 2447 1057 2538 dignitatem,
1214 2441 1312 2513 Haec
1327 2443 1420 2512 ratio
1435 2441 1520 2511 satis
1538 2439 1647 2532 plane
1658 2444 1781 2529 docet,
1807 2467 1882 2518 non
1905 2467 2009 2538 posse
2024 2444 2111 2514 sint*

56 2563 93 2624 et
108 2547 281 2645 quonism
297 2543 384 2620 haec
407 2549 463 2620 leti
480 2551 526 2620 ad
544 2575 660 2620 mores
675 2551 849 2643 pertinet,
876 2563 1060 2641 praestin-
1111 2545 1250 2638 pliciter
1266 2543 1452 2638 reprobari
1466 2543 1505 2611 in
1519 2541 1898 2638 genercAstrolo'gicas
1913 2547 2110 2618 divinatio-

55 2655 145 2726 dum
166 2665 236 2738 est,
256 2666 299 2724 iit
319 2674 443 2722 ornnes
466 2675 544 2723 eam
568 2665 604 2723 et
625 2655 750 2724 norint
764 2667 906 2724 etrecte
921 2650 1056 2720 intelli·
1110 2672 1185 2724 nes.
1237 2647 1278 2718 Si
1306 2647 1370 2742 qui
1401 2645 1661 2737 praedictiones
1690 2648 1900 2741 simpliciter
1925 2650 2111 2735 damnant,
2153 2667 2160 2678 ’

55 2771 153 2848 gant.
209 2751 303 2828 Cum
323 2767 442 2826 sutem
466 2752 742 2827 lurlsoonsultos
764 2755 915 2826 maxime
936 2755 1059 2824 deceat
1109 2763 1241 2842 negant
1262 2751 1379 2822 lucem
1400 2747 1576 2836 calidum,
1610 2749 1798 2842 frigidum,
1831 2746 2022 2822 humidum
2047 2764 2108 2824 aut

55 2881 162 2930 suum
179 2857 308 2952 cuique
326 2857 501 2945 tribuere,
526 2882 602 2929 non
616 2860 789 2930 arcebunt
810 2881 876 2928 nos
891 2881 912 2927 u
926 2855 1058 2926 nostris
1109 2848 1241 2924 siceum
1256 2874 1352 2934 esse,
1377 2875 1450 2946 quo
1466 2850 1621 2944 quidest
1641 2851 1854 2924 absurdius?
1881 2851 1956 2924 lain
1974 2854 2005 2924 si
2022 2877 2110 2926 con·

55 2961 197 3034 artibus
218 2959 409 3032 interdicto
430 2959 576 3058 aliquo,
595 2985 668 3056 quo
688 2962 809 3032 minus
829 2974 952 3032 contra
968 2984 1059 3054 quo·
1112 2957 1246 3028 cedunt
1261 2957 1382 3028 lumen
1399 2953 1576 3040 calidum,
1599 2955 1793 3047 frigidum,
1817 2951 2021 3044 humidum,
2047 2969 2109 3028 aut

55 3065 212 3136 rundam
240 3063 477 3156 interpretum
506 3065 695 3156 opiniones
718 3065 950 3136 defendamus
972 3085 1058 3154 pos-
1111 3059 1243 3130 siccum
1268 3081 1359 3140 esse,
1380 3057 1485 3128 fateri
1508 3070 1647 3128 necesse
1667 3071 1739 3145 est,
1767 3061 1863 3153 quod
1886 3059 1926 3130 in
1942 3065 2041 3142 aire,
2067 3059 2108 3130 in

54 3167 252 3238 sessionem
283 3179 456 3242 nostram.
520 3161 733 3238 Aristoteles
768 3168 906 3262 inquit,
940 3165 1058 3236 beatas
1110 3161 1320 3256 corporibus
1348 3155 1585 3230 animantium
1614 3159 1747 3230 similes
1770 3161 1957 3256 qualitates
1982 3161 2108 3256 pariat.

53 3271 134 3342 lore
156 3283 270 3358 artes,
294 3263 331 3342 si¹
347 3271 393 3340 de
408 3268 459 3340 eis
478 3269 628 3340 artifices
648 3270 867 3354 iudicarent,
894 3281 929 3340 et
950 3265 1057 3338 iuris-
1109 3260 1150 3338 Si
1172 3265 1235 3360 qui
1259 3277 1343 3334 sunt
1371 3259 1537 3348 effectus,
1566 3275 1630 3334 c'ur
1651 3263 1852 3336 observatio
1874 3265 2108 3364 improbatur,

52 3371 214 3446 consulti
235 3371 306 3464 ipsi
320 3373 469 3462 docent,
492 3374 537 3442 de
551 3373 702 3464 singulis
715 3373 852 3444 ictibus
866 3371 1059 3442 consulen-
1109 3391 1189 3438 cum
1205 3369 1304 3438 ordo
1317 3389 1524 3448 causarum,
1551 3377 1586 3436 et
1598 3365 1788 3438 effectuum
1811 3367 1857 3438 sit
1870 3367 1993 3438 divina
2007 3368 2109 3438 ordi-

52 3477 122 3548 dos
137 3497 213 3546 esse
225 3473 384 3548 artifices.
437 3471 559 3564 Quare
575 3500 696 3569 spero,
720 3500 780 3546 eos
796 3476 952 3546 libenter
969 3497 1057 3543 eon-
1108 3469 1231 3542 natio?
1256 3467 1568 3560 Quemadmodum
1584 3493 1708 3540 omnes
1721 3459 1944 3562 praedicunt,
1960 3469 2107 3564 langue-

51 3599 219 3652 cessuros
245 3601 320 3650 esse
343 3571 592 3670 Philosophis‚
619 3591 661 3650 ut
689 3579 734 3648 de
766 3593 864 3672 parte
890 3571 1058 3648 Philoso-
1111 3587 1230 3644 scente
1246 3571 1364 3666 pulsu,
1389 3593 1451 3642 cor
1466 3569 1676 3662 languidum
1692 3595 1778 3646 esse.
1814 3571 1906 3643 Nam
1924 3597 1965 3644 ex
1980 3573 2108 3644 effectu

51 3677 164 3774 phias
192 3704 268 3752 non
295 3681 556 3752 contemnenda
585 3681 826 3776 pronuncient
855 3681 938 3774 ipsi.
996 3677 1057 3751 Sic
1108 3698 1212 3747 causa
1234 3672 1424 3746 iudicatur.
1475 3669 1536 3744 Sic
1559 3673 1692 3746 iudicat
1711 3671 1947 3768 Hippocrates
1969 3676 2106 3748 loetum

50 3785 168 3878 igitur
192 3782 320 3856 sentio.
1108 3778 1237 3848 abortu
1255 3777 1354 3862 eiici,
1379 3799 1460 3846 cum
1476 3789 1639 3846 arescunt
1653 3774 1782 3858 ubera,
1809 3779 1906 3850 deest
1919 3777 2016 3848 enini
2030 3777 2106 3848 loe-

144 3931 215 4006 His
229 3931 368 4028 legibus
382 3932 422 4004 in
438 3931 560 4004 codice
576 3959 652 4006 non
666 3933 827 4005 damnari
844 3931 1057 4028 praedictio·
1108 3894 1161 3951 ω’
1183 3891 1456 4052 nuufimfflium’
1495 3875 1580 4049 dnm.
1597 3893 1831 3999 ‘ammaim
1845 3881 1896 4000 ‚de
1916 3881 2046 4002 ifffciu
2064 3905 2105 3950 ⁰¹

1108 4007 1222 4058 cansa.
1293 4007 1392 4052 arum
1409 4005 1493 4072 prae
1521 3993 1694 4053 ictionum
1709 3992 1813 4068 ratio,
1825 4007 1856 4053 si
1870 4008 1926 4054 cui
1942 3996 1988 4054 sit
2000 4004 2105 4072 igno-

49 4063 120 4113 nes
135 4033 399 4129 Astrologieis,
424 4037 486 4106 sed
508 4049 646 4108 tantum
673 4037 771 4126 illas,
793 4059 883 4132 quae
900 4060 974 4106 noii
989 4029 1057 4105 ha·
1107 4089 1162 4172 ‘a’
1190 4081 1364 4157 iudicabit
1385 4078 1450 4154 has
1472 4107 1615 4178 quoqu,
1637 4085 1789 4174 magica,
1811 4109 1895 4158 me·
1946 4083 2104 4154 Numero

48 4146 143 4218 beni
160 4161 282 4212 ‘³⁰⁸⁸
303 4151 366 4212 ³¹¹²
385 4139 542 4210 ¹³fi⁰¹¹²⁸
559 4131 743 4236 1111151ωῆ
770 4163 860 4234 ‘³¹¹²‘
882 4149 1057 4209 mmmm
1107 4188 1217 4280 igitur
1232 4190 1326 4260 inter
1341 4180 1509 4282 Physicas
1530 4185 1789 4278 praedictiones
1813 4185 1919 4258 etiam
1937 4181 2105 4258 Astrolo-

48 4273 69 4320 a
98 4243 304 4317 Ptolemaeo
329 4237 650 4342 drmssoloynrcii,
686 4244 810 4338 quales
833 4255 918 4312 sunt
942 4263 1056 4332 auqu-
1132 4288 1141 4310 .

264 4345 274 4366 .
314 4347 322 4364 .
964 4343 973 4362 .
1107 4315 1213 4382 picas.
1265 4287 1357 4362 Nam
1378 4281 1446 4358 hae
1466 4311 1608 4384 quoque
1631 4302 1716 4359 sunt
1737 4287 2004 4360 observationes
2019 4313 2104 4360 cau-

47 4371 136 4422 rum
152 4343 424 4440 praedictiones,
447 4357 482 4418 et
495 4345 618 4440 quales
632 4355 716 4416 sunt
732 4345 864 4415 multae
879 4343 1055 4463 admixtae
1107 4418 1226 4464 mum
1243 4407 1277 4463 el
1294 4391 1494 4462 effectuum·

48 4449 309 4542 Asuologtets,
342 4461 382 4520 ut
406 4469 487 4519 cum
513 4447 743 4520 divinantes
766 4445 1055 4538 interrogationis
1208 4493 1280 4567 sed
1295 4493 1400 4564 mum
1424 4488 1636 4580 reclamant,
1662 4505 1698 4566 e,
1712 4482 1858 4588 qugdem
1874 4493 1958 4566 mi,
1975 4505 2103 4564 cunm,

48 4571 233 4647 'emim’
259 4569 339 4622 ‘⁰¹¹¹
356 4549 622 4646 wilhemum
636 4551 771 4636 mede*
798 4563 858 4622 ³¹¹⁸
876 4546 1054 4621 summm
1105 4597 1252 4669 meliose
1282 4593 1461 4690 accipiunt
1481 4587 1710 4686 Astrologos,
1741 4611 2020 4667 commemorant
2043 4618 2103 4666 eos

47 4671 198 4775 ²¹¹i⁰ri⁸
222 4654 442 4776 iniicaium
466 4675 557 4734 ‘m’
592 4649 903 4775 Quemadmodum
929 4651 968 4722 in
991 4651 1054 4794 df*
1106 4727 1208 4794 saepe
1230 4697 1307 4771 lalli
1329 4699 1367 4768 in
1390 4697 1648 4790 praedicendo,
1680 4708 1883 4772 monstrant
1903 4721 2006 4790 saepe
2026 4695 2129 4768 dis-e

48 4757 247 4833 cretalibus
267 4780 345 4827 iure
362 4757 554 4826 damnatur
573 4757 753 4843 sacerdos,
779 4781 842 4850 qui
863 4751 1054 4824 simulabat
1105 4805 1237 4875 semim
1259 4813 1442 4896 praecepta
1459 4811 1495 4870 et
1513 4797 1666 4888 iudicia,
1691 4799 1847 4873 afferunt
1862 4801 1965 4872 etiam
1986 4823 2103 4871 exem·

49 4887 92 4935 ⁸0
116 4885 159 4932 ²¹
183 4855 388 4932 11311013δί0
412 4881 598 4952 ‘lmese’
626 4859 808 4951 q⁰⁰¹⁰⁰d⁰
833 4849 1054 4950 deprehendi
1105 4907 1163 4999 pla
1185 4901 1378 4976 illustrium
1403 4902 1585 4988 virorum,
1618 4899 1682 4997 qui
1704 4901 1984 4995 contempserint
2008 4898 2102 4974 hanc

48 4977 199 5060 P⁰⁸⁸²¹¹i
222 4963 329 5034 sum·
382 4959 489 5032 T³¹e⁸
514 4959 623 5050 iiim*
649 4961 918 5054 ⁸⁰P⁸¹⁸²i⁰⁵⁰⁸²²
950 4982 1054 5079 Prae:
1104 5007 1315 5081 doctrinam.
1362 5001 1516 5076 Addunt
1534 4999 1601 5074 hoc
1617 5027 1759 5100 quoque
1775 5003 1906 5100 siquid
1925 5005 2105 5076 tribuatur

48 5067 230 5140 dictiones
247 5063 411 5135 damnari
429 5064 502 5134 illis
515 5062 653 5156 legibus
670 5065 804 5150 sentio,
829 5087 917 5159 quas
934 5075 969 5132 et
984 5062 1053 5182 ipsi
1103 5109 1237 5198 Antis,
1260 5109 1372 5181 adimi
1388 5107 1565 5178 voluntati
1585 5105 1739 5179 liberum
1762 5107 1949 5181 delectum·
2000 5103 2103 5178 flen,

48 5161 270 5260 Pbi¹⁰⁸⁰phi
302 5167 535 5289 impwb‘ni.
574 5163 648 5287 ,8θά
686 5167 832 5262 quidm
864 5161 979 5286 impii
1013 5188 1052 5234 ’Π
1102 5215 1178 5286 rico
1206 5211 1368 5308 septimo
1400 5205 1554 5302 Angliae
1599 5209 1674 5302 regl
1715 5209 1860 5304 quidam
1891 5207 2104 5300 Astrologus

50 5295 184 5365 genere
212 5271 385 5344 damnant
412 5272 673 5363 praedictiones
693 5265 951 5361 asimlogiess,
981 5261 1052 5338 hoc
1101 5329 1253 5388 mamm
1277 5313 1500 5409 medinm
1521 5335 1565 5382 eo
1585 5333 1681 5384 anno
1708 5311 1933 5404 impendere,
1959 5307 2037 5384 Rex
2056 5313 2100 5380 ad

50 5435 284 5462 ··”“““·““““
1101 5441 1139 5490 se
1154 5431 1276 5504 vocat,
1301 5411 1516 5506 interroget,
1540 5439 1588 5485 sii
1602 5415 1648 5487 sit
1664 5413 1902 5506 Astrologusl
1939 5409 2005 5484 llle
2019 5437 2100 5506 spe-

85 5551 122 5620 s,
142 5549 196 5608 πει
208 5549 307 5624 inupti
318 5557 382 5606 iai.
396 5549 482 5606 cois
1100 5543 1185 5593 rans
1200 5543 1238 5592 se
1252 5522 1413 5592 tutumm
1423 5517 1466 5612 iii
1481 5517 1618 5590 maiore
1630 5517 1756 5610 gratie
1778 5517 1828 5590 ait
1844 5539 1882 5588 se
1896 5539 1973 5588 eam
1988 5525 2101 5587 artem
