4652 6178
50 273 120 352 sie
632 256 1058 358 onissrioisns
1090 248 1494 332 inaurareris„
1778 183 1786 196 ¹
2012 253 2100 330 sio¹

47 465 136 524 tores
160 469 234 518 esse
256 439 384 516 baroni
409 429 741 524 renunciationem,
776 451 817 510 ut
833 435 956 508 mirari
975 431 1043 506 bo-
1094 427 1213 502 sumii.
1274 425 1409 500 Senilia
1425 440 1674 520 corporasunt
1699 427 1874 518 aridiora,
1908 441 1942 500 et
1960 426 2093 520 largius

45 575 150 624 nores
171 549 324 630 artium,
353 561 388 618 et
408 545 501 638 ipsas
522 557 614 614 artes
641 541 890 632 inciperemus.
948 535 1041 612 Cum
1094 527 1331 618 humectando
1354 544 1455 617 sunt,
1491 529 1834 606 enuntiaremus
1863 530 2029 610 sisciam,
2063 528 2093 598 si

46 669 163 728 autem
187 651 298 722 multa
323 671 448 740 magna
467 645 634 718 beneficia
660 658 779 716 nostra
797 654 892 712 aetas
907 642 952 712 ab
969 653 1043 710 arte
1095 634 1190 704 sitim
1206 635 1332 704 ferant.

45 755 180 828 medica
205 751 374 845 accipiat,
404 751 504 822 decet
520 771 586 820 nos
604 745 802 830 assuefieri,
825 759 865 816 ut
881 757 916 817 et
932 741 1044 835 ipsius
1198 733 1266 807 Sed
1293 729 1511 806 contrarium
1535 747 1783 824 argumentum
1805 750 1874 808 esti
1909 735 1997 808 Sitis
2011 735 2093 828 plus

45 859 130 930 sitis
149 857 358 947 dignitatem
375 851 599 922 considerare
613 849 846 940 incipiamus,
879 861 912 916 et
928 843 1044 920 inedi-
1095 839 1248 931 adpetit,
1280 863 1386 930 quam
1410 851 1557 911 naturae
1579 861 1669 926 opiis
1692 853 1755 908 est.
1805 835 2092 928 Nonigitursiii

47 983 102 1033 sos
119 959 272 1030 fideliter
289 969 429 1026 nostrae
444 955 536 1024 vitae
552 951 745 1027 servientes
762 971 983 1018 veneremur.
1096 941 1365 1032 gratificandum
1391 953 1455 1012 est.
1522 939 1590 1012 Sed
1616 941 1829 1024 videndum,
1866 941 1945 1035 quis
1963 941 2094 1010 modus

150 1060 289 1152 Quare,
310 1059 374 1130 etsi
390 1052 482 1126 niliil
498 1055 792 1144 adlerredignum
807 1050 932 1120 vestris
947 1045 1044 1120 auri·
1096 1057 1243 1112 naturae
1263 1055 1444 1132 congruat.
1497 1037 1619 1134 ltaque
1638 1041 1800 1114 videmus
1813 1045 2031 1114 adsuefactos
2047 1041 2091 1111 atl

45 1167 110 1238 biis
126 1187 294 1258 possum,
321 1176 439 1230 tamen
455 1175 494 1230 iit
508 1181 622 1226 meam
644 1153 907 1244 graditudinem
926 1151 1043 1244 aliqua
1097 1147 1277 1215 modicum
1300 1159 1443 1237 potum,
1475 1157 1508 1214 et
1535 1145 1655 1214 minus
1676 1145 1793 1231 sitire,
1826 1160 1860 1218 ct
1881 1145 2009 1216 melius
2031 1167 2095 1215 co-‚

46 1267 307 1361 significatione
331 1265 514 1331 ostendam
540 1281 618 1350 erga
641 1255 784 1341 Deum,
815 1267 850 1325 et
871 1277 951 1344 erga
968 1275 1044 1321 me·
1098 1271 1205 1341 quere
1227 1247 1343 1330 cibos,
1368 1259 1403 1316 et
1424 1247 1555 1316 rectius
1572 1260 1735 1318 naturam
1758 1247 1919 1324 reticere,
1945 1259 1978 1316 et
1994 1245 2091 1315 vale—

47 1373 163 1444 dicam
182 1381 312 1450 artem,
337 1365 429 1456 patri
447 1363 607 1446 iubenti,
642 1373 681 1430 ut
702 1353 914 1428 inbocloco
936 1377 1044 1450 quae·
1096 1351 1255 1419 tudinem
1273 1343 1400 1418 babere
1414 1348 1625 1432 firmiorem,
1651 1361 1691 1419 ut
1705 1343 1762 1419 hic
1776 1347 1978 1420 Hubertum
1994 1345 2089 1418 Bur·

47 1475 198 1546 itionem
218 1489 472 1564 proponerem,
499 1463 885 1550 libenterobtempero.
1096 1455 1256 1542 gundum
1288 1451 1442 1520 vidimus
1484 1451 1686 1542 parcissime
1718 1453 1917 1534 bibentem,
1958 1451 2091 1542 optime

150 1573 312 1644 Primum
336 1571 455 1662 itaque
480 1566 556 1637 Deo
581 1562 840 1654 omnipotenti,
866 1555 1044 1630 conditori
1097 1555 1230 1637 valere,
1256 1577 1295 1624 ac
1310 1553 1449 1625 dicebat
1465 1553 1514 1637 is,
1539 1575 1575 1622 se
1592 1553 1630 1622 iii
1647 1553 1745 1624 ltalia
1771 1577 1873 1645 saepe
1888 1551 1927 1620 iu
1951 1565 2092 1634 aestate,

48 1679 139 1752 coeli
162 1695 196 1748 et
218 1687 331 1744 terrae
354 1683 387 1739 et
409 1665 617 1752 hominum,
649 1679 682 1735 et
699 1665 1045 1734 aliarumcrcatura·
1098 1669 1171 1726 toto
1187 1681 1339 1726 mensea
1358 1669 1444 1746 potu
1464 1655 1691 1740 abstinuisse,
1718 1655 1850 1726 interea
1865 1669 1984 1724 tamen
2000 1653 2092 1724 laia-

49 1807 149 1864 rum,
174 1791 316 1848 aeterno
331 1772 429 1844 Patri
446 1770 590 1843 Domini
604 1768 719 1840 nostri
738 1765 818 1838 lesu
830 1761 984 1848 Christi,
1010 1773 1046 1832 et
1097 1761 1239 1830 beiiteui
1257 1783 1358 1850 poma
1375 1756 1514 1828 Persica
1531 1758 1660 1848 rigasse
1676 1781 1815 1850 corpus.
1851 1754 1925 1827 Ner
1940 1755 2091 1826 dubium

49 1886 123 1956 lilio
141 1884 216 1954 eius
232 1877 310 1948 lesu
324 1871 486 1955 Christo,
513 1872 678 1946 crucifixo
695 1894 759 1962 pro
776 1867 881 1938 nobis
894 1879 1045 1936 etresu·
1098 1875 1167 1942 est,
1199 1873 1360 1930 naturam
1387 1859 1527 1928 modico
1550 1874 1637 1950 potu
1657 1873 1858 1930 contentam
1884 1879 1970 1932 esse.
2020 1857 2092 1929 Sed
2183 1865 2195 1892 ·

50 1988 193 2066 scitato,
226 1995 261 2052 et
279 1977 437 2069 Spiritui,
456 1989 597 2059 sancto,
622 1972 752 2065 gratias
769 1993 853 2062 ago,
882 1990 1045 2059 cumpro
1098 1965 1141 2034 de
1173 1956 1237 2034 liae
1268 1963 1474 2056 quaestione
1504 1974 1600 2032 tuam
1637 1962 1904 2054 responsionem
1935 1958 2094 2030 arbitror

49 2089 218 2160 omnibus
247 2079 445 2162 beneficiis,
479 2091 554 2148 tum
584 2099 667 2146 sero
695 2097 759 2165 pro
790 2068 858 2141 lioc
886 2091 1046 2153 munere,
1098 2079 1229 2158 gratam
1248 2066 1322 2134 tore
1339 2064 1517 2132 omnibus.
1575 2063 1659 2134 ldeo
1676 2067 1738 2132 abs
1752 2077 1786 2134 te
1805 2077 1903 2156 peto,
1928 2076 1967 2132 ut
1984 2085 2092 2154 erpo-

51 2191 149 2287 quod
167 2187 274 2258 vitain
288 2183 392 2252 nobis
407 2179 572 2284 largitur,
597 2202 663 2248 nos
680 2172 986 2252 mirabiliteralit,
1013 2183 1047 2239 ct
1099 2191 1182 2252 nas,
1213 2191 1319 2260 quain
1346 2167 1623 2236 moderationem
1648 2167 1779 2238 uostris
1795 2163 2005 2260 corporibus
2019 2162 2093 2236 oti·

53 2290 218 2364 condidit
242 2281 511 2356 aemonstravit
533 2304 589 2351 res
610 2279 789 2362 salubres,
820 2289 856 2346 ct
878 2275 984 2344 utiles
1001 2274 1044 2341 ad
1098 2269 1225 2340 liorem
1239 2289 1313 2338 csse
1329 2281 1471 2342 statuas.
1521 2261 1618 2342 Dixi.
2150 2245 2153 2252 ’

56 2389 354 2465 conservationem
377 2385 491 2470 vitae,
516 2397 550 2455 et
572 2384 614 2452 ad
635 2383 845 2452 morborum
867 2375 1047 2470 depulsio-

54 2519 157 2578 nem,
182 2505 215 2564 et
235 2491 347 2581 ipsum
373 2489 508 2556 iontem
529 2487 622 2556 vitae
639 2497 674 2554 et
690 2482 910 2553 conditorem
927 2501 1045 2547 rerum
1575 2505 2087 2526 -........,....-...-.

52 2596 227 2668 bonarum
251 2617 333 2675 oro,
368 2603 411 2659 ut
435 2589 539 2658 nobis
560 2587 670 2670 adsit,
701 2598 734 2654 ct
752 2607 815 2653 siis
832 2584 925 2652 dona
942 2577 1047 2648 nobis

54 2712 188 2778 servet,
214 2717 303 2790 qnae
317 2692 460 2786 quidem
476 2703 560 2761 sunt
575 2686 775 2760 testimonia
793 2679 1047 2776 providentiae.
1111 2675 1179 2753 No.
1196 2673 1258 2751 48.
1895 2680 1960 2762 (m,
1978 2681 2091 2760 1551,)

52 2800 193 2875 Deinde
216 2811 252 2868 et
273 2795 340 2866 arti
367 2807 402 2863 et
423 2789 642 2862 Doctoribus
666 2785 901 2859 reverentiam
920 2805 1046 2876 perpe·
1104 2777 1251 2800 Μ
1911 2771 2083 2802 ww

54 2921 151 2977 tuam
179 2923 245 2970 nos
270 2899 399 2969 debere
428 2894 613 2988 profiteor,
644 2913 752 2987 quani
775 2887 920 2984 quidem
944 2907 1048 2978 pras·
1170 2900 1202 2956 tn
1223 2845 1479 2954 ι1ι1ιιιι1ι.(’,ιιιιιὶ1.Ι
1496 2889 1682 2962 tsiP.tt.p.
1702 2887 1854 2960 istiu·-
1889 2883 2094 2942 Ριιιὶιιιιιιιιι

1200 2968 1373 3042 quaestiones
1393 2982 1450 3017 non
1469 2962 1502 3016 sd
1525 2959 1711 3026 academicos,
1743 2957 1880 3029 igiturque
1898 2975 1960 3025 ess,
1984 2957 2012 3010 in
2030 2953 2093 3023 spi·

54 3007 155 3080 stabo
170 3003 269 3074 omni
284 2999 416 3072 studio.
1259 3037 1266 3051 ·
1314 3035 1321 3048 ι
1485 3031 1492 3044 ⁸

155 3105 261 3178 Nunc
275 3100 517 3197 quaestionem
530 3091 625 3168 hanc
642 3095 709 3167 tibi
725 3091 918 3164 clarissime
933 3087 1050 3160 dorni-
1203 3025 1878 3172 ili'hohlhelilhnltiidllhthh'ibi‘hhlhlhbi.
1905 3023 1990 3096 ΟΜ
2007 3041 2091 3096 quun

53 3237 101 3285 ne
123 3207 259 3280 Doctor
274 3198 467 3276 Iohannes
491 3193 637 3268 Atherte
660 3219 841 3288 propono:
876 3188 937 3262 An
962 3198 1050 3260 reete

54 3311 194 3388 dicium
226 3307 276 3379 sit
305 3332 330 3378 n
352 3295 612 3400 Xenophonte,
651 3291 847 3370 hibendum
881 3316 955 3364 esse
983 3289 1051 3378 ita,
1103 3285 1349 3373 picentinos
1380 3280 1524 3370 aliquoi
1555 3269 1604 3346 ile
1634 3273 1901 3347 sacramentis
1935 3275 1972 3340 et
2006 3267 2094 3338 aliie

54 3425 95 3491 iit
138 3412 269 3483 sitiens
304 3403 483 3478 desinon·
539 3399 644 3474 Sient
685 3397 806 3499 inquit
844 3387 1050 3494 Xenophon
1101 3389 1273 3462 materiis
1304 3381 1523 3476 theologicis
1556 3399 1581 3448 o
1614 3376 1666 3448 D.
1692 3371 1757 3448 Gli.
1784 3373 1977 3460 (wisant)
2007 3390 2098 3462 pro·

53 3517 183 3614 διψῶν
206 3505 372 3586 παύεται.
429 3501 489 3576 An
518 3529 598 3576 vero
622 3500 752 3574 rectius
776 3497 913 3572 dictam
935 3496 985 3566 sit
1011 3493 1050 3564 in
1123 3495 1274 3586 positae
1300 3487 1350 3560 D.
1372 3483 1572 3577 Philippo,
1606 3487 1642 3551 et
1664 3473 1778 3549 hestiis
1801 3475 2074 3567 tteepomtosies

55 3615 169 3694 reteri
190 3607 404 3686 comoedia?
444 3609 542 3702 τρεῖς
568 3601 710 3700 μόνους
737 3609 924 3698 κρατῆρας
951 3599 1052 3696 s‘yiie·
1258 3583 1540 3688 quaestionibus
1571 3581 1733 3678 singulis
1761 3575 1943 3652 adiectae.

55 3714 229 3822 ραννύω,
264 3718 342 3796 τοῖς
360 3707 401 3786 εὖ
425 3713 628 3807 φρονοῦσι,
659 3703 728 3780 τὸν
742 3700 814 3800 μὲν
828 3700 956 3803 ὑγείας
973 3699 1051 3826 iitp,
1105 3753 1330 3836 nevel-emer
1389 3768 1404 3825 t
1526 3751 1551 3820 b
1617 3747 1626 3765 ,
1716 3744 1725 3762 .
1777 3744 1812 3812 ‚fi
1869 3742 1878 3760 .

1345 3781 1388 3848 pe
1406 3779 1446 3838 o,
1471 3766 1512 3822 ut
1552 3762 1786 3834 sevitersigni
1813 3757 1918 3824 cetis,
1945 3762 2097 3834 quomo-

54 3823 126 3901 τὸν
159 3815 200 3894 δὲ
223 3812 398 3910 δεύτερον
413 3808 566 3908 ἡδονῆς,
596 3807 664 3882 τὸν
680 3805 809 3904 τρίτον
824 3804 967 3888 ὕπνου,
1007 3826 1052 3874 ον
1186 3865 1194 3880 ,
1277 3862 1318 3879 ,,
1357 3860 1365 3875 ,
1564 3853 1572 3870 .
1612 3849 1621 3868 .
1800 3847 1809 3864 .

53 3917 253 4010 Μάνης
269 3917 304 3992 οἱ
320 3911 429 4014 appo,
444 3909 658 4006 mmm
674 3904 800 3982 οῑκάδε
816 3902 1052 4004 βαδίζουσιν.
1105 3869 1151 3934 do
1166 3863 1426 3956 simplicissime
1442 3868 1474 3926 et
1489 3867 1681 3972 rectissime
1695 3842 2097 3918 delinibusSacrarucn·

56 4031 153 4108 Tres
168 4038 304 4098 tantum
323 4037 474 4092 crateras
497 4015 647 4108 praebeo
674 4011 920 4104 prudentibus.
972 4005 1052 4078 Pri·
1105 3981 1223 4038 “³⁰¹⁰
1241 3961 1461 4058 ¹⁰q¹¹⁶¹¹d⁰¹¹¹
1479 3969 1535 4026 ⁸¹²·

53 4156 159 4208 nium
181 4124 351 4198 sanitatis.
403 4119 608 4193 Secundum
633 4114 836 4208 voluptatis.
887 4109 1053 4182 Tertium
1455 4105 1482 4180 1,
1521 4101 1752 4196 Quaestio,
1820 4153 1826 4166 ,

54 4233 212 4349 ⁸⁰¹¹¹¹¹l·‚
265 4223 348 4316 Q¹¹⁰
383 4217 510 4341 h,‘'¹¹¹⁸¹⁰
544 4221 737 4339 Prudffiff‘
778 4229 864 4286 “¹¹¹²
896 4214 1053 4282 dmum·
1207 4227 1364 4306 Rectene
1387 4224 1525 4299 dicitur
1547 4219 1590 4293 de
1613 4214 1885 4302 Sacramentis,
1912 4207 1955 4286 de
1975 4209 2099 4310 bapti-

54 4337 150 4412 lltra
185 4347 230 4402 sit
262 4342 434 4448 sententia
468 4335 620 4412 gratior,
660 4343 736 4390 non
769 4319 958 4388 obscurum
991 4325 1054 4386 est.
1106 4362 1206 4421 sm,
1245 4346 1277 4409 ι,
1313 4329 1355 4404 d,
1385 4321 1511 4401 cm
1545 4321 1725 4403 Dompnp,
1762 4313 1864 4418 quod
1888 4311 2099 4411 confirma„

53 4441 130 4514 Sed
149 4451 266 4506 tamen
285 4429 471 4548 illediirus
489 4425 692 4542 adulescens
708 4419 843 4516 Cyrus,
868 4417 961 4510 apud
980 4413 1053 4484 Xe·
1096 4435 1236 4540 fidem,
1261 4435 1319 4508 „p
1332 4427 1434 4534 quod
1444 4435 1592 4530 propp„
1608 4419 1917 4516 confirmationem
1929 4413 2027 4514 fidu·
2041 4417 2100 4488 pn,

55 4535 301 4634 noplioutcm,
327 4531 470 4600 videtur
486 4527 589 4596 nobis
606 4526 717 4614 legem
732 4523 823 4592 terre
838 4531 1054 4612 pugnantem
1105 4544 1238 4619 smum
1254 4537 1358 4612 55⁰2?
1407 4531 1570 4630 (ΜΨ
1587 4529 1625 4598 p„
1641 4517 1919 4618 mimus-fidu·
1936 4516 2038 4592 „phil
2050 4521 2100 4588 sip

54 4667 141 4718 tum
166 4651 306 4710 natura.
365 4629 500 4700 Natura
524 4627 619 4696 enim
639 4625 766 4717 expetit
790 4635 927 4694 tantum
951 4617 1054 4689 resti·
1107 4649 1188 4722 sim
1216 4663 1388 4739 expresso
1426 4633 1530 4705 mg„
1558 4627 1639 4702 Du·
1661 4619 1917 4706 uomendum,
1954 4643 2102 4722 quam,

53 4747 134 4829 tui,
169 4733 670 4836 quantumalisumptomest,
705 4722 1054 4817 ettantisperadpe-
1108 4741 1598 4841 abphpcfinpspmpompm
1619 4724 1887 4826 pnmpppmp

54 4849 142 4924 titio
165 4867 239 4913 non
264 4853 317 4909 est
342 4833 493 4914 viriosa,
532 4833 644 4900 donec
669 4843 815 4898 naturae
839 4825 1053 4896 satisfactum
1463 4877 1472 4896 ,
1915 4861 1926 4881 ,

55 4963 124 5024 est.
178 4945 251 5014 lam
273 4941 302 5010 si
327 4935 445 5006 minus
470 4934 631 5016 bibatur,
663 4953 768 5026 quam
793 4941 966 5020 qiianiiim
991 4923 1055 4992 ab·
1247 4883 1504 4975 Reie0¹¹⁵¹⁰
1530 4867 1604 4948 Ph·
1630 4861 1961 4944 Melfflllfflllb

55 5061 243 5142 sumptum
257 5059 329 5127 est,
353 5059 426 5108 uon
442 5033 562 5106 satisfit
576 5047 733 5103 natissae.
783 5029 988 5101 Dilieudum
1005 5037 1057 5094 est
1209 5009 1303 5082 Dico
1319 5016 1411 5074 recte
1426 4995 1495 5068 dici
1511 4995 1556 5066 ad
1571 4989 1848 5064 continuandam
1859 4985 1983 5070 tidem,
2006 4982 2103 5054 iusta

973 5128 1054 5196 leas.
1109 5117 1216 5188 illud:
1245 5087 1703 5204 oppoyidoduiniooiiripc.
1757 5088 1862 5172 ltem,
1887 5081 1968 5156 Hoc
1982 5081 2103 5184 sorite

1162 5215 1236 5286 mei
1249 5197 1643 5284 commemorationem,
1665 5191 1825 5262 videlieet
1843 5187 1995 5262 fidelem.
2029 5183 2108 5259 Nec

1169 5337 1245 5389 tuni
1266 5325 1349 5386 sunt
1371 5304 1531 5402 symliola
1556 5293 1802 5392 professionis,
1831 5305 1893 5364 aut
1910 5293 2103 5380 congrega-

1262 5433 1466 5516 quanquam
1483 5419 1518 5478 et
1531 5401 1599 5476 liat
1615 5411 1711 5474 sunl.

55 5155 171 5246 igitur
200 5161 359 5226 tantum,
392 5152 432 5210 ut
459 5137 554 5208 sitim
585 5134 802 5226 restinguas,
832 5146 867 5204 et
903 5153 969 5221 exp

55 5257 141 5334 lino
150 5253 256 5326 ctiam
266 5242 405 5337 corpori
422 5239 547 5328 rigatio
558 5237 741 5330 aliquanto
752 5235 885 5324 largior
901 5233 1055 5323 prodest,
1107 5219 1146 5290 in

55 5377 139 5436 tuni
164 5349 331 5431 iuvenili,
367 5357 441 5416 tuin
464 5339 587 5424 seiiili,
620 5357 765 5434 propter
790 5337 904 5406 vitriis
922 5353 1054 5404 causas.
1106 5339 1166 5396 tan

55 5463 181 5538 Labor
195 5453 290 5530 enim
307 5449 346 5522 iu
361 5444 511 5518 iuvenili
525 5465 672 5536 corpure
687 5439 806 5522 statim
821 5438 973 5510 inultum
989 5433 1054 5506 ib-
1107 5424 1236 5504 tionis,
