4638 6176
493 1537 874 1632 cnnnssNunt
910 1539 1089 1630 ΡΗῙῑι.
1125 1537 1286 1628 Muti.
1325 1537 1544 1628 ultrult
1574 1539 1660 1628 IV.

133 1755 202 1822 nn
230 1749 576 1820 commoriens
605 1749 800 1834 ouonuu
826 1751 987 1821 annus
1016 1751 1222 1821 narrvus
1243 1755 1276 1818 n
1303 1751 1441 1820 noers
1470 1751 1678 1822 nnnrnrnr
1706 1747 1809 1818 non
1832 1743 2011 1813 rorum.

952 1982 1209 1994 -ι--ι--σ-ι

56 2193 248 2321 Ιιυοέἑίἒϋ.Ι
897 2237 950 2252 -
974 2235 1027 2250 -
1101 2193 1170 2270 No.
1188 2194 1277 2272 337.

873 2292 1284 2326 mm

162 2395 243 2472 Apud
258 2395 385 2455 Vincent-
402 2414 431 2466 p.
446 2395 488 2452 10.
1207 2395 1287 2468 Apud
1303 2395 1431 2454 Vinceut·
1451 2415 1479 2470 p.
1494 2397 1525 2454 11
1540 2415 1582 2470 rq.
1664 2433 1667 2438 ,

239 2561 719 2668 Uurmacureteteeroet
734 2535 861 2630 Deus.
1485 2559 1534 2628 ln
1548 2558 1717 2628 Genesin.

55 2693 132 2765 Nou
149 2691 248 2766 Deus
262 2694 419 2766 ostendit
434 2715 470 2763 se
484 2705 623 2764 tantum
639 2707 680 2765 ut
695 2717 842 2785 corpora
860 2703 970 2776 curet,
1101 2685 1188 2759 Non
1200 2711 1304 2760 coeco
1319 2712 1403 2762 casu
1418 2685 1545 2764 natura
1561 2687 1718 2762 humana
1735 2689 1813 2760 sine
1829 2687 1905 2758 ullo

100 2797 175 2870 Sed
191 2821 255 2868 eur
267 2797 400 2867 servari
416 2819 486 2866 nos
503 2795 607 2882 velit,
630 2795 706 2890 ipse
719 2809 852 2868 monet.
1151 2787 1333 2880 Consilio,
1358 2817 1401 2862 ex
1418 2794 1530 2868 veteri
1545 2793 1681 2888 prodiit
1697 2807 1774 2864 orta
1790 2785 1889 2861 chao.

54 2899 196 2972 Scilicet
211 2913 252 2971 ut
266 2923 341 2970 sese
357 2897 463 2970 nobis
479 2899 718 2969 communicet
731 2899 818 2991 ipse,
1099 2891 1173 2966 Nec
1187 2895 1316 2966 deinde
1333 2909 1385 2968 est
1397 2897 1558 2990 lepidum
1574 2911 1705 2968 temere
1722 2897 1766 2966 de
1783 2893 1876 2964 mole
1891 2905 2024 2975 renata,

98 3003 252 3095 Semper
267 3017 301 3075 et
315 3016 356 3074 ut
368 3001 492 3072 vivant
505 3013 647 3094 pectora
663 3001 768 3092 plena
783 3001 871 3072 Deo.
1153 2994 1254 3088 Quos
1269 2999 1351 3072 iecit
1366 3001 1523 3074 monitus
1538 2998 1676 3097 Pyrrha
1690 3012 1807 3072 secuta
1821 2993 1904 3066 viri.
1924 2995 1931 3001 ’

54 3103 157 3178 Tunc
171 3119 291 3176 autem
305 3104 344 3174 in
362 3104 468 3176 nubis
480 3104 603 3194 fulget,
624 3117 710 3174 tunc
723 3117 867 3197 pectora
884 3099 1048 3192 complet,
1099 3097 1273 3190 Magnum
1308 3126 1398 3194 opus
1431 3118 1500 3192 est,
1532 3107 1577 3176 ad
1609 3105 1706 3200 quod
1734 3127 1801 3173 nos
1826 3119 1927 3169 mens
1952 3107 2096 3168 aeterna

96 3207 210 3280 Mens
225 3209 282 3300 pia
300 3233 382 3279 cum
397 3206 503 3279 discit
518 3229 667 3277 munera
683 3229 786 3277 nosse
800 3202 879 3275 Dei.
1612 3207 1757 3294 creavit,

1151 3302 1201 3379 Ut
1214 3321 1337 3380 uestro
1353 3309 1473 3400 studio
1490 3311 1611 3382 notior
1624 3335 1697 3382 esse
1712 3323 1829 3404 queat.
1885 3309 1888 3322 '

1099 3405 1206 3482 Acin
1221 3435 1288 3482 nos
1302 3407 1464 3484 haustam
1482 3413 1628 3506 proprio
1644 3417 1688 3484 de
1706 3425 1846 3506 pectore
1860 3421 2017 3480 mentem

50 3545 107 3618 No·
131 3543 220 3616 355·
393 3547 396 3554 ¹
750 3517 755 3522 ’
892 3584 945 3597 ,,
969 3579 1022 3592 ,,
1150 3511 1280 3597 Fudit,
1303 3529 1338 3586 et
1353 3515 1505 3607 effigiem
1520 3517 1622 3588 iussit
1639 3513 1771 3587 habere
1785 3515 1851 3588 sui.

58 3641 231 3673 -ow
868 3637 1039 3668 Μ
1099 3610 1159 3685 Ah
1174 3641 1238 3687 cur
1252 3619 1386 3690 autoris
1399 3619 1554 3690 subeunt
1567 3619 1702 3690 oblivia
1716 3617 1845 3688 nobis?

152 3745 234 3820 apud
249 3745 379 3804 vincent.
397 3765 426 3819 p.
445 3749 484 3802 ιο.
1150 3716 1257 3790 Unde
1270 3713 1410 3792 homiui
1426 3722 1516 3792 tanti
1533 3723 1630 3792 veuit
1644 3722 1743 3810 origo
1759 3719 1869 3789 mali?

1098 3820 1169 3893 Sed
1184 3821 1281 3894 Deus
1297 3824 1372 3917 ipse
1386 3848 1449 3895 sua
1463 3825 1609 3915 depellit
1624 3826 1703 3894 luce
1716 3823 1890 3904 tenebras,

328 3893 435 3964 ΠΜ
449 3899 507 3964 Μ
520 3899 629 3964 ⁰⁰⁸l⁰
642 3911 762 3964 mem·
1152 3919 1200 3996 Et
1214 3949 1303 4019 quae
1318 3928 1363 3998 sit
1380 3927 1473 3998 vitae
1489 3952 1614 3996 norma
1631 3927 1811 4021 sequenda
1827 3929 1940 3996 docet.

46 4020 150 4096 Casta
167 4020 265 4095 Deus
277 4047 379 4094 mens
392 4037 462 4106 est,
489 4039 583 4098 casta
600 4025 678 4096 vult
693 4037 810 4095 mente
827 4023 959 4107 vocari,
1099 4025 1226 4100 Audiit
1243 4023 1335 4099 hanc
1350 4031 1449 4101 coelo
1466 4031 1616 4099 delatam
1630 4025 1786 4099 Ecclesia
1805 4029 1930 4120 prima,

92 4123 148 4198 Et
163 4141 273 4200 castas
285 4129 427 4220 pondus
441 4127 545 4198 iussit
562 4123 693 4198 habere
709 4150 840 4218 preces.
1149 4128 1196 4202 Et
1211 4132 1310 4204 Deus
1325 4127 1391 4204 hos
1407 4135 1522 4204 fontes
1537 4157 1674 4226 semper
1689 4133 1787 4201 adire
1803 4132 1910 4201 iubet.

50 4231 157 4302 112*
99 4255 214 4322 ευμα
239 4224 312 4303 ἐών
328 4225 418 4312 θεὸς
440 4225 560 4310 oii'dtoc
579 4223 755 4324 καθαρόν
773 4255 812 4302 τε
829 4223 893 4302 καὶ
911 4221 1043 4325 ἁγνόν,

94 4339 176 4406 τῶν
197 4328 329 4458 ἁγνῶν
351 4328 532 4426 δέχεται
517 4327 599 4428 ιερὰ
623 4337 748 4425 μοῦνα
770 4335 933 4458 φρενῶν.

44 4431 213 4559 Ἆγνείαν
233 4432 297 4508 καὶ
318 4433 420 4518 ἔταξε
431 4429 572 4564 νόμοις
595 4438 763 4530 σεμνοῖσι
784 4427 934 4558 yoluoco,
1097 4473 1152 4544 No
1185 4474 1259 4544 353

95 4532 261 4634 τιμήσεις
281 4534 376 4612 θεὸν
402 4529 472 4612 οὖν
497 4539 537 4614 ἐν
561 4531 675 4638 γάμῳ
699 4534 889 4630 εὐσεβέως.
1104 4527 1276 4598 οὐκ-ν’

1194 4671 1274 4744 Apud
1292 4671 1418 4728 Vinctut.
1439 4693 1466 4746 p.
1486 4671 1527 4725 tt.

47 4876 115 4953 No,
132 4873 223 4952 3362
257 4877 261 4885 “
887 4917 940 4932 ,,
965 4913 1017 4930 ,,
1276 4824 1283 4834 ’
1386 4837 1432 4904 ln
1449 4831 1628 4906 historias
1644 4837 1795 4932 nepum.

51 4975 225 5006 Μ
863 4975 1036 5010 *⁶⁹
1094 4967 1197 5040 Hanc
1213 4969 1396 5064 speculum
1413 4971 1483 5042 vita
1501 4973 1622 5056 ducas,
1647 4997 1860 5068 morumque
1877 4975 2091 5068 magistram,

147 5081 229 5156 Apud
244 5081 371 5136 unane.
389 5097 417 5152 p.
431 5081 474 5136 tt.
1146 5071 1248 5163 Quae
1265 5073 1368 5146 libris
1384 5073 1461 5144 istis
1476 5075 1647 5158 traditur,
1672 5071 1869 5148 historiam.

482 5244 490 5262 ‚
534 5243 542 5262 ,
1094 5173 1255 5248 Praemia
1270 5176 1445 5248 iustorum
1457 5191 1649 5264 monstrat,
1672 5201 1874 5272 poenasque
1887 5195 2090 5266 nocentum,

439 5237 644 5316 ”mmm
1143 5275 1192 5351 Et
1208 5302 1372 5371 praesens
1386 5280 1503 5370 reguis
1519 5305 1653 5352 numen
1669 5283 1790 5352 adesse
1803 5279 1885 5352 Dei.

45 5375 95 5450 Ut
110 5393 168 5450 tua
184 5379 362 5472 pertingat
379 5391 610 5472 penetretque
627 5376 785 5470 precatio
801 5377 951 5462 coelum,
1092 5377 1141 5452 Et
1157 5381 1303 5450 dubiam
1318 5382 1411 5452 vitae
1427 5395 1580 5474 sortem,
1606 5407 1647 5454 ac
1663 5383 1796 5454 incerta
1812 5385 1956 5475 pericla,

97 5477 251 5555 Ardenti
267 5481 327 5554 liat
341 5505 473 5578 speque
486 5481 626 5576 fideque
641 5481 820 5574 frequens.
1143 5481 1226 5556 Non
1242 5495 1381 5556 tautum
1400 5479 1557 5556 humana
1572 5486 1767 5558 calliditate
1783 5487 1873 5576 regi:
