4666 6170
223 245 295 322 19⁵
564 241 842 326 sennan·
873 245 951 326 AD
984 243 1186 327 vttAtt
1216 247 1292 325 ET
1324 243 1565 324 OBlTUM
1595 245 1900 330 MELANTH.
2204 245 2277 324 tat

223 421 419 514 scripturae
448 433 483 492 et
512 422 755 518 antiquitatis,
788 413 1117 498 eerta'dttudteatto
1144 425 1220 494 lieri
1274 437 1367 517 quar
1387 421 1533 492 insidias
1556 422 1728 500 falsorum
1748 425 1918 507 fratrum,
1951 445 2057 516 quam
2082 434 2211 494 tetram
2237 437 2272 496 et

221 538 363 622 posset,
389 538 424 595 et
446 525 590 593 navavit
611 540 696 596 ωηο
720 520 908 619 Philippus
926 529 965 597 iu
981 528 1043 598 illa
1062 530 1219 621 disputa·
1275 523 1552 596 abominabilem
1587 519 1695 594 buius
1730 525 1839 596 seculi
1875 521 2136 617 sophisticam,
2180 547 2271 617 quae

222 627 321 698 tione
343 651 421 696 eam
446 649 590 716 operam
607 621 785 713 Lutbero,
811 643 917 723 atque
941 631 991 700 ita
1013 631 1219 722 interpella·
1274 626 1477 708 mendacia,
1499 649 1586 720 quas
1610 629 1844 698 contumelias
1865 641 1960 700 tanta
1984 651 2063 698 cnm
2088 627 2272 719 patientia,

222 729 277 799 vit
299 753 339 799 ac
361 727 527 798 remeavit
542 724 710 814 Eccium,
736 743 776 800 ut
793 729 873 818 ille,
898 733 988 803 sicut
1008 747 1081 804 erat
1104 731 1221 822 impa·
1275 753 1314 798 ac
1329 751 1419 820 pene
1434 729 1511 797 siue
1528 751 1631 798 sensu
1651 727 1838 810 sustinuit,
1865 730 1965 824 quasi
1982 731 2027 800 ad
2044 728 2162 799 omnia
2181 724 2271 800 baec

225 832 339 916 tiens,
363 833 506 901 taudem
530 829 569 898 in
594 823 680 899 baec
706 832 811 902 verba
836 849 1099 927 prorumperet:
1127 833 1221 904 Tace
1275 830 1345 900 iam
1361 831 1500 924 pridem
1515 830 1747 901 occalluisset.
1789 829 1961 902 Nosvero
1978 855 2058 901 cum
2076 829 2271 922 impatien-

227 948 268 1004 tu
290 928 456 1024 Philipps
481 955 521 1000 ac
541 945 602 1001 tua
626 931 743 1002 studia
767 957 867 1022 cura,
893 961 939 1007 ue
962 961 1018 1006 me
1040 937 1221 1029 perturba.
1274 934 1325 1003 tia
1339 945 1459 1002 nostra
1476 933 1576 1018 ruoti,
1594 947 1629 1004 et
1646 933 1745 1002 illius
1760 931 1871 1004 vicem
1888 934 2058 1020 dolentes,
2084 933 2271 1005 interdum

228 1033 524 1126 Praesagiittuuc
540 1028 647 1104 Eccio
662 1036 769 1104 credo
786 1039 937 1123 animus,
963 1039 1103 1132 qualem
1118 1037 1220 1108 illum
1275 1035 1308 1104 ei
1329 1029 1527 1105 hortatores
1549 1047 1583 1104 et
1605 1035 1827 1126 instigatores
1855 1058 2025 1117 essemus,
2059 1048 2098 1106 ut
2118 1059 2272 1127 respou-

231 1134 683 1228 adversariomaliquando
703 1133 1003 1214 essetbabiturus.
1275 1137 1394 1207 dendo
1426 1151 1461 1208 et
1492 1136 1675 1206 mendacia
1705 1137 1921 1222 refellendo,
1954 1136 2066 1208 Zoilis
2099 1137 2172 1208 illis
2199 1138 2270 1208 ali-

334 1237 488 1310 Rediere
503 1237 548 1306 ab
565 1237 628 1306 illo
644 1261 834 1328 congressu
848 1243 973 1326 nostri,
999 1242 1223 1311 aciutareos
1276 1239 1419 1332 quaudo
1452 1239 1596 1310 tandem
1626 1264 1689 1309 ora
1721 1240 1935 1311 obstrueret:
1974 1238 2183 1332 Respondet
2207 1240 2272 1310 ille

233 1364 334 1412 amor
355 1353 389 1410 et
411 1351 530 1410 sancta
555 1341 744 1410 concordia
767 1341 806 1410 in
830 1343 905 1413 dies
928 1344 1086 1433 singulos
1113 1341 1223 1432 magis
1276 1339 1476 1411 doctrinam
1502 1364 1602 1411 suam
1628 1354 1663 1412 et
1691 1341 1820 1432 scripta
1840 1353 1925 1412 uota
1949 1365 2043 1422 esse,
2080 1335 2175 1412 uilril
2198 1341 2273 1413 alia

232 1443 414 1536 magisque
435 1439 578 1512 coaluit.
628 1438 712 1513 Fuit
737 1457 822 1514 tuuc
845 1445 881 1513 id
903 1459 1060 1538 tempus,
1094 1469 1164 1539 qno
1188 1467 1224 1514 se
1276 1441 1508 1535 responsione
1537 1456 1599 1514 aut
1624 1445 1839 1514 refutatione
1866 1467 1956 1536 opus
1984 1467 2072 1518 esse.
2130 1439 2274 1514 interea

232 1547 336 1616 furor
350 1541 633 1616 adversariorum
652 1559 980 1640 nostrornmusque
1003 1545 1225 1617 adeoeffuu-
1277 1567 1382 1615 suum
1415 1543 1501 1630 iter,
1541 1557 1583 1615 ut
1612 1545 1709 1630 dixi,
1749 1545 1916 1636 urgebat,
1956 1570 2037 1618 cum
2072 1543 2274 1617 Pontificiis

234 1650 351 1731 debat,
376 1657 477 1716 utne
492 1643 638 1738 quidem
651 1645 753 1716 furtis
766 1647 850 1734 suis,
877 1661 911 1720 et
925 1649 1130 1741 imposturis
1148 1647 1225 1740 pla·
1277 1645 1461 1718 doctrinae
1473 1659 1615 1718 nostrae
1626 1642 1789 1720 hostibus
1802 1671 1865 1718 sua
1879 1649 1918 1718 in
1933 1647 2084 1721 statione
2098 1648 2274 1720 acerrime

233 1749 314 1820 cide
336 1747 494 1820 conteuti
512 1769 605 1827 esse,
631 1762 692 1818 aut
713 1748 890 1842 quiescere
909 1766 1070 1842 possent,
1095 1747 1223 1822 Sedes
1277 1749 1514 1841 depugnabat

233 1853 380 1941 insuper
394 1873 458 1940 pro
474 1871 610 1918 summa
625 1847 770 1940 pietate,
797 1853 1048 1940 sanctimonia,
1072 1866 1107 1924 et
1122 1853 1225 1923 iusti-

234 1953 287 2024 cia
306 1951 447 2022 adorari
465 1951 694 2042 postularent.
748 1951 889 2032 Accidit
909 1979 1009 2045 ergo,
1035 1967 1073 2025 ut
1089 1950 1225 2026 Lutbe-
1377 1945 1505 2022 Edidit
1519 1948 1647 2042 scripta
1665 1951 1819 2042 plurima
1832 1951 2021 2024 utilissima
2037 1964 2072 2023 et
2086 1951 2190 2024 valde
2206 1977 2274 2024 ue-

235 2079 296 2126 rns
326 2077 417 2146 pene
449 2053 583 2123 invitus
616 2054 663 2122 ad
691 2055 1007 2128 contradicendum
1030 2056 1226 2126 manifestis
1277 2050 1442 2131 cessaria,
1468 2077 1558 2146 quae
1575 2047 1633 2122 bic
1647 2054 1787 2145 singula
1802 2079 1982 2126 recensere
1998 2053 2146 2144 longum
2167 2055 2272 2142 foret,

233 2157 380 2228 illorum
395 2149 626 2246 blasphemiis
641 2155 922 2246 compelleretur,
938 2159 1053 2232 adluit
1066 2159 1120 2228 illi
1135 2159 1226 2228 lidus
1277 2153 1338 2226 sed
1353 2147 1553 2234 belethus,
1578 2152 1655 2226 Deo
1669 2156 1873 2243 auxiliante,
1896 2157 1968 2228 alio
1983 2170 2153 2250 tempore.
2174 2155 2269 2228 Sunt

233 2260 368 2352 ubique
385 2269 420 2326 et
435 2256 598 2326 assiduus
618 2250 857 2353 παραστάτης
875 2256 1083 2353 Philippus,
1107 2255 1226 2355 Atque
1276 2269 1395 2328 autern
1417 2279 1459 2326 ex
1479 2249 1534 2328 his
1551 2259 1724 2350 quaedam
1741 2254 1951 2358 ἐξηγητικὰ,
1979 2260 2110 2354 quibus
2133 2260 2273 2352 praeci-

234 2363 285 2431 ita
305 2361 429 2439 ambo,
454 2372 496 2428 ut
518 2359 555 2426 bt
578 2373 659 2448 post
679 2374 880 2431 consertum
902 2363 1074 2453 praelium
1093 2362 1134 2431 iu
1151 2385 1223 2431 me·
1277 2357 1342 2449 pui
1358 2357 1443 2426 libri
1468 2357 1558 2428 sacri
1577 2359 1755 2432 luculenta
1779 2361 2073 2452 interpretatione
2090 2361 2272 2452 explican-

234 2463 335 2532 dium
356 2475 492 2532 aestum
508 2460 712 2530 certaminis
727 2458 991 2552 pertrabuntur.
1041 2463 1225 2550 Hostem·
1278 2473 1357 2544 tur,
1394 2471 1436 2530 ut
1468 2461 1713 2532 commentarii
1748 2463 1787 2534 iu
1826 2460 2033 2546 Danielem,
2071 2457 2268 2534 lobanuem

234 2587 323 2658 pore
337 2563 448 2632 multa
465 2561 582 2631 moliti
594 2576 679 2633 sunt
694 2564 899 2653 adversarii,
914 2581 1055 2639 nostros
1068 2581 1109 2638 ut
1124 2591 1226 2637 ever·
1277 2555 1563 2652 Evangelistam,
1601 2557 1781 2656 Epistulas
1807 2563 1930 2652 Pauli,
1969 2579 2005 2636 et
2036 2565 2127 2636 alios
2157 2565 2274 2637 libros

235 2679 369 2749 terent,
402 2664 439 2733 id
463 2665 560 2757 quod
582 2665 713 2756 scripta
734 2681 768 2738 et
789 2681 865 2739 acta
891 2693 1015 2740 eorum
1040 2683 1225 2744 testantur.
1277 2686 1412 2750 sacrm,
1437 2663 1568 2758 quibus
1589 2689 1664 2736 nou
1685 2668 1758 2738 scio
1782 2667 1869 2763 quid
1898 2667 2052 2740 exactius
2074 2681 2136 2756 aut
2158 2669 2275 2760 magis

236 2768 452 2858 Adiungunt
480 2779 514 2836 et
538 2767 671 2837 nostris
699 2767 811 2862 aliqui
844 2793 898 2852 se,
935 2772 996 2865 qui
1028 2765 1225 2870 παράλογα
1277 2765 1502 2857 perspicuum
1523 2789 1598 2836 esse
1613 2769 1735 2859 possit.
1786 2767 1980 2842 Conferant
2001 2764 2088 2840 baec
2110 2793 2192 2840 cum
2211 2795 2274 2841 ve-

236 2872 410 2966 quaedam
431 2881 592 2952 movent,
616 2867 708 2940 sicut
728 2871 769 2941 lit
786 2873 891 2942 rebus
912 2874 1017 2943 motis
1032 2888 1065 2945 et
1087 2888 1225 2966 portur·
1277 2867 1432 2952 teribus,
1452 2867 1514 2962 qui
1531 2869 1662 2956 volent,
1689 2885 1723 2942 et
1740 2897 1796 2941 me
1809 2897 1932 2942 verum
1949 2887 2072 2944 testem
2091 2895 2165 2942 esse
2179 2873 2274 2944 fate·

234 2972 339 3044 batis.
390 2969 469 3040 Hoc
486 2971 565 3039 loco
579 2970 618 3038 iu
634 2995 722 3063 quas
738 2973 971 3060 difficultates,
998 2990 1031 3047 et
1046 3001 1136 3070 quae
1150 3000 1225 3046 cer·
1277 2969 1425 3044 buntur.
1466 2967 1605 3060 Pugnat
1625 2986 1660 3044 et
1676 2999 1755 3042 cum
1771 2968 1935 3046 hostibus
1951 2973 2108 3045 veritatis
2123 2975 2273 3068 ubique,

236 3076 371 3148 tamine
388 3071 621 3145 Revereudus
632 3068 810 3146 Dominus
825 3075 1036 3170 Praeceptor
1049 3078 1225 3158 inciderit,
1278 3083 1318 3141 ut
1334 3071 1419 3156 dixi,
1444 3073 1625 3159 acerrime,
1651 3089 1684 3146 et
1700 3077 1771 3147 illis
1787 3079 1931 3171 quidem
1946 3077 2108 3166 iugulum
2124 3078 2269 3170 premit,

237 3198 515 3247 commemorare
538 3197 696 3264 possem,
726 3179 788 3246 sed
811 3178 849 3247 in
864 3179 971 3268 =:aliud
997 3195 1134 3272 tempus
1161 3182 1224 3250 ista
1278 3175 1343 3243 etsi
1362 3173 1480 3244 ntiuus
1497 3175 1643 3246 sortasse
1661 3181 1918 3263 tumultuatur,
1943 3203 2049 3274 qoam
2064 3179 2177 3273 aliqui
2197 3181 2268 3248 vel-

237 3303 391 3353 reservo.
442 3273 520 3346 Etsi
540 3273 609 3346 boc
625 3277 768 3370 quidem
786 3279 876 3366 scio,
903 3295 937 3351 et
954 3307 1034 3352 vere
1051 3283 1226 3352 affirmare
1277 3275 1364 3350 lent.
1408 3273 1591 3347 Postremo
1609 3294 1648 3350 nt
1664 3281 1732 3349 alia
1749 3283 1922 3366 omittam,
1947 3305 2121 3351 summam
2136 3283 2272 3351 doctri-

235 3405 402 3473 possum,
435 3380 551 3471 ipsum
574 3379 702 3450 multas
725 3403 808 3452 sane
832 3377 997 3454 horridas
1025 3386 1226 3468 sententias,
1278 3372 1597 3448 rraeEcctestar‘um
1615 3395 1815 3452 nostrantru
1832 3383 2119 3453 commodissimo
2135 3399 2168 3452 et
2187 3409 2273 3454 errr-
2328 3467 2331 3476 A

236 3505 284 3554 ne
299 3483 385 3577 quid
401 3482 537 3552 tristius
553 3480 686 3567 dicam,
717 3495 802 3555 ωηο
819 3486 999 3578 aliquibus
1016 3511 1096 3557 curn
1114 3488 1225 3556 multa
1278 3481 1454 3550 ditissimo
1468 3475 1898 3577 cornpendio'comptems
1913 3503 1962 3556 est
1980 3487 2019 3555 in
2034 3487 2167 3577 duplici
2191 3485 2271 3568 ἑξο·

237 3585 382 3656 lenitate
410 3597 445 3656 et
475 3584 749 3676 mausuetudine
777 3611 796 3656 e
823 3589 990 3658 manibus
1024 3590 1224 3659 extorsisse:
1277 3574 1476 3680 μολογήσει
1506 3579 1733 3672 Augustaua,
1767 3604 1801 3657 et
1831 3587 1912 3674 illa,
1944 3613 2033 3681 quae
2062 3589 2274 3679 superioris,

238 3686 355 3778 Quale
371 3683 438 3757 boc
454 3699 522 3769 est,
548 3679 688 3754 bomini
704 3681 907 3760 Christiano
925 3715 998 3761 uon
1023 3691 1128 3760 licere
1150 3693 1226 3762 liti·
1278 3685 1440 3775 repetitio
1454 3697 1523 3768 etl,
1544 3685 1639 3756 edita
1653 3709 1748 3758 auno
1767 3691 1877 3767 1551.
1929 3687 1997 3760 His
2010 3692 2146 3761 accedit
2161 3691 2271 3782 plens

236 3813 318 3880 gare
331 3790 370 3858 iu
384 3787 531 3872 iudicio,
550 3799 611 3858 aut
625 3785 854 3877 Magistratus
867 3791 1008 3863 Politici
1023 3793 1225 3883 cognitione
1278 3800 1313 3857 et
1345 3785 1561 3856 exactissima
1589 3789 1774 3880 explicatio
1805 3796 2010 3883 dogmatum
2042 3793 2272 3884 singulorum

236 3892 294 3962 vel
318 3891 477 3962 subsidio
493 3889 563 3960 uti:
588 3887 862 3962 lusMosaicum
882 3897 1053 3965 inlocum
1075 3919 1148 3966 esse
1167 3922 1225 3965 re·
1278 3883 1661 3979 comprehensalibro,
1689 3895 1747 3962 eui
1768 3897 1893 3966 titulus
1908 3909 1978 3977 est,
2003 3893 2091 3965 Loci
2105 3921 2274 3966 commu-

236 3995 455 4080 vocgnguffl‚
481 3992 1031 4086 nequeultislegibusutendm
1050 3993 1226 4068 Christia.
1278 4015 1358 4076 nes,
1391 3991 1507 4079 Quem
1529 3991 1663 4062 librum
1687 4019 1767 4064 cum
1792 3998 1937 4067 vidisset
1958 3991 2138 4068 Lutberus
2159 4021 2273 4070 ausus

235 4096 303 4165 nis.
360 4093 442 4165 Nou
472 4095 536 4164 ista
560 4088 709 4164 Lutberi
734 4095 835 4188 culpa
865 4099 1120 4180 movebantur,
1154 4099 1224 4171 Sed
1277 4093 1490 4177 triturare,
1515 4119 1588 4163 uon
1606 4097 1832 4184 dubitarese,
1859 4099 1948 4194 quin
1968 4098 2024 4168 vel
2039 4123 2152 4170 unum
2169 4095 2272 4172 bunc

232 4199 339 4268 fiebat
352 4196 407 4283 id,
433 4200 528 4293 quod
545 4197 583 4264 iu
599 4195 730 4267 talibus
746 4202 1004 4278 mutationibus
1019 4217 1053 4273 et
1069 4203 1225 4274 medica·
1250 4223 1253 4292 t
1272 4196 1409 4266 ¹librum
1426 4191 1584 4288 Philippi
1601 4199 1768 4270 orunibus
1787 4200 2046 4288 sententiariis,
2070 4215 2112 4280 et,
2126 4197 2270 4274 schola-

232 4299 393 4372 110„th
408 4299 567 4370 accidere
582 4301 689 4370 solet:
716 4301 808 4370 hona
825 4304 919 4376 enim
936 4325 1038 4397 saepe
1051 4327 1130 4374 cum
1147 4331 1225 4374 ma.
1277 4299 1372 4367 sticis
1397 4299 1536 4389 scriptis
1563 4299 1764 4373 anteferret.
1823 4301 1942 4397 Atque
1970 4315 2010 4374 nt
2039 4319 2210 4396 rumpant
2232 4331 2272 4376 se

233 4403 279 4472 lis
301 4402 543 4484 eradicantur,
570 4413 605 4470 et
625 4423 709 4472 sana
732 4427 813 4472 cum
828 4406 1006 4475 morbosis
1022 4405 1223 4483 eliciuntur.
1277 4399 1391 4469 invidi
1415 4402 1476 4494 qui
1499 4414 1618 4493 postea
1636 4404 1713 4473 viro
1731 4419 1827 4476 lanto
1851 4407 2046 4475 ⁰blrt÷⁰l³¹re
2062 4423 2273 4496 ⁰⁰⁰P²r¹¹¹¹fa

232 4501 327 4576 Nota
350 4499 466 4574 adbuc
490 4498 580 4572 mibi
599 4517 634 4574 et
658 4505 757 4597 quasi
782 4506 821 4574 in
839 4523 1027 4598 conspectu
1048 4523 1131 4579 sunt
1147 4509 1223 4582 eius
1277 4503 1433 4596 proferre
1454 4527 1569 4598 neque
1592 4528 1633 4573 ex
1656 4529 1812 4578 veterum
1836 4532 1900 4578 uec
1922 4508 2157 4579 recentiorum
2173 4512 2272 4580 scri-

233 4608 355 4680 aetatis
377 4601 461 4676 lraec
486 4623 519 4677 et
540 4607 608 4676 alia
629 4607 839 4692 certamina,
864 4633 955 4702 quae
975 4611 1162 4698 sustinuit,
1189 4629 1222 4685 et
1275 4607 1363 4696 Ρῑῖῦ,
1386 4629 1502 4700 ”eque
1525 4607 1631 4677 ‘iiim
1655 4605 2270 4702 su0²¹1Thfi¹lf⁰‘luminam9⁰⁸·

229 4733 335 4800 saepe
356 4711 399 4778 de
421 4703 478 4776 bis
500 4707 660 4802 querelas
682 4731 778 4794 suas,
809 4707 986 4782 Dominus
1011 4711 1222 4807 Praeceptor
1274 4721 1376 4792 tulli,
1411 4729 1491 4777 tum
1523 4703 1591 4779 hoc
1620 4711 1771 4802 scripto,
1802 4714 1897 4808 quod
1928 4711 1975 4781 sit
1996 4713 2269 4789 conserendum.

229 4813 326 4903 apud
352 4835 408 4880 me
432 4811 606 4900 deposuit.
667 4807 736 4880 Sed
758 4825 798 4882 ut
828 4813 997 4885 formicae
1027 4831 1161 4886 certum
1186 4831 1221 4888 et
1272 4807 1321 4882 Et
1336 4812 1366 4880 si
1381 4833 1455 4880 ηοη
1471 4811 1578 4881 nimis
1595 4811 1710 4906 iniqui
1728 4831 1813 4886 sunt
1826 4815 2065 4886 aestimatores
2083 4813 2192 4884 alieni
2214 4817 2270 4886 la-

229 4937 344 4984 unum
367 4913 436 4982 iter
454 4925 592 4996 terunt,
620 4911 667 4980 ita
693 4912 753 4984 ille
776 4937 889 4984 uuum
910 4939 1051 4988 cursum
1072 4920 1220 5008 urgebat
1271 4914 1388 4994 boris,
1414 4914 1534 4984 dicant
1554 4914 1608 4983 illi
1629 4916 1753 5000 nobis,
1779 4919 1848 4987 nisi
1866 4929 2043 5008 ntrauqne
2059 4913 2269 4989 Confessio-

230 5039 384 5106 semper,
415 5014 610 5102 simplicem
633 5015 836 5102 veritatem,
870 5041 1017 5114 eamque
1043 5018 1217 5090 illibatam
1271 5042 1353 5086 trem
1363 5010 1523 5110 Philippi
1538 5030 1571 5086 et
1582 5013 1698 5088 Locos
1712 5043 1918 5090 communes
1931 5013 2118 5102 haberent,
2146 5025 2267 5112 quod-

228 5131 269 5188 ut
282 5131 461 5200 tueretur,
486 5115 588 5182 illum
607 5139 748 5184 eorsum
765 5120 896 5205 tenuit,
923 5146 1071 5215 eamque
1087 5137 1215 5193 metam
1268 5145 1352 5190 nam
1373 5141 1501 5212 corpus
1520 5119 1716 5208 integrum,
1744 5136 1806 5192 aut
1823 5146 1931 5216 qnam
1952 5143 2127 5190 summam
2154 5117 2267 5195 buius

228 5233 368 5288 secutus
393 5234 462 5298 est,
488 5219 601 5286 donec
623 5217 731 5303 vixit,
756 5245 822 5292 nec
843 5223 889 5292 ab
910 5225 1049 5294 caullis
1071 5247 1106 5293 se
1129 5251 1215 5294 con-
1267 5221 1449 5295 doctrinae
1475 5235 1590 5291 essent
1624 5216 1808 5294 habituri?
1851 5222 1934 5294 Non
1965 5223 2036 5292 5³¹⁰
2071 5223 2187 5294 dicam
2217 5227 2265 5298 (lt

226 5320 384 5389 tumeliis
397 5335 457 5390 aut
472 5319 613 5390 iniuriis
627 5321 798 5392 dimoveri
813 5347 934 5412 passus
948 5339 1010 5407 est,
1034 5323 1082 5398 Et
1097 5326 1213 5398 Deum
1266 5327 1364 5398 illius
1378 5323 1576 5394 utilissimis
1592 5322 1659 5392 scri
1663 5327 1732 5415 ptis
1746 5327 1785 5396 in
1799 5327 1878 5396 aliis
1892 5323 2102 5414 disciplinis.
2148 5325 2259 5418 Quod

222 5420 483 5510 immortalem,
522 5445 612 5517 quae
641 5423 775 5500 interea
805 5425 916 5522 ignita
944 5427 1015 5501 tela
1045 5427 1213 5521 Sauuae,
1265 5427 1515 5526 compendium
1535 5423 1762 5518 Dialectices,
1788 5431 1884 5525 quod
1900 5423 2132 5518 thctorices,
2159 5433 2259 5526 quod
