4638 6176
73 257 133 338 623
766 333 773 350 .
805 259 1127 348 cstssttttttltu
1172 251 1283 350 LlB.
1311 259 1390 336 ill.
2032 271 2106 346 use

77 431 114 506 ΕΙ
131 453 330 527 quanquam
349 429 626 522 pauimternm·
642 433 796 510 effodere
811 449 1008 530 persistam:
1116 431 1164 508 Et
1180 434 1275 508 coeci
1292 437 1398 506 decus
1413 459 1487 504 esse
1504 448 1628 528 putant
1644 461 1717 508 uon
1735 413 1870 510 solvere
1887 442 1995 534 lcgcs,

119 534 219 606 Nulla
239 532 288 604 ibi
308 532 403 626 large
420 539 543 610 tsinen
555 559 642 612 vena
659 551 797 630 repente
815 539 895 616 luit.
929 556 935 568 '
1143 537 1397 628 ·Quas‹lecuit
1413 537 1491 608 voci
1506 541 1628 608 cedere
1643 557 1768 632 sponte
1784 541 1863 620 Dei.
1916 565 1925 574 ·

77 637 208 732 lamque
226 636 361 706 animes
377 613 605 723 exhalabant,
636 639 763 716 siccate
781 622 922 715 labellis
1111 637 1177 713 Est
1195 623 1308 712 ciclus
1322 641 1431 730 leges,
1458 653 1491 710 et
1506 665 1646 710 morum
1664 643 1779 714 vincla
1795 646 1928 728 vereri,

117 737 210 814 Dum
227 749 380 809 matrum
398 736 551 814 infantes
569 741 784 844 ubecadprte
797 738 958 820 trcshunt.
1161 742 1201 814 si
1223 758 1339 815 tamen
1357 757 1391 814 et
1408 743 1523 836 legum
1542 745 1661 838 regida
1679 724 1842 819 Christus
1859 749 1938 822 erit.
1972 733 1977 740 ¹

75 837 312 934 Expirantque
326 838 435 912 simul
451 855 578 914 matres
593 843 756 938 tristique
770 842 950 938 sepulchri

118 941 267 1014 lllnnere
283 955 461 1014 metemus
475 943 636 1036 iungitur
649 946 725 1038 ipse
738 945 850 1023 sines·

74 1044 133 1116 llic
149 1048 279 1116 iterum
293 1045 448 1114 subeunt
464 1047 604 1119 arsimus
618 1049 845 1126 novataedia
861 1050 975 1139 vulgi,

117 1147 279 1218 l‘oenitet
293 1161 327 1216 et
345 1146 458 1215 varias
474 1149 671 1224 deseruisse
687 1152 824 1228 domos.
872 1167 877 1204 ⁷
1007 1135 1010 1142 ’
1067 1177 1070 1188 ’
1111 1163 1304 1245 No.284.'
1381 1173 1385 1184 “
1895 1179 2106 1264 (antam)

74 1250 137 1320 Nec
153 1265 270 1320 tamen
286 1261 451 1326 accusant
465 1248 631 1336 nemen,
646 1254 707 1328 sed
724 1253 1060 1342 grandimontani,
1115 1266 1282 1292 m
1312 1275 1320 1288 ·
1352 1255 1355 1265 “
1393 1279 1396 1286 ·
1894 1271 2107 1310 *ἢν

119 1353 201 1444 Quo
220 1363 355 1446 premet
372 1351 585 1438 irnsnecitos,
611 1355 746 1448 crimen
763 1349 894 1432 bebere
909 1355 1036 1436 Deum.
1068 1434 1072 1446 ‚
1182 1381 1266 1453 ΑΜ
1286 1381 1415 1440 vimi,
1434 1379 1565 1456 1³:998·

71 1455 209 1528 Scilicet
222 1447 309 1524 haec
325 1452 464 1524 miseris
479 1454 632 1528 nimium
646 1455 786 1547 vulgate
803 1459 946 1554 querela
964 1471 1035 1542 est,
1310 1530 1316 1539 ,

120 1557 214 1628 lusta
232 1557 293 1626 sed
308 1567 360 1625 est
374 1547 512 1649 semper
525 1557 652 1630 iudicis
667 1559 719 1632 irs
734 1557 816 1634 Dei.
1068 1622 1072 1641 ,
1112 1557 1361 1654 Epitaphium
1385 1563 1576 1651 screnum
1602 1565 1747 1658 uenisspi
1774 1567 2010 1661 integerrimi
2032 1572 2106 1643 viri

70 1657 112 1732 Et
126 1681 332 1756 quanquam
346 1671 466 1732 sontes
482 1661 617 1751 punit..
629 1675 748 1734 temen
768 1661 863 1738 inter
876 1664 1036 1752 eosdem,
1321 1661 1566 1740 Friclerici
1597 1664 1901 1756 Bernpenkii.

116 1763 243 1836 Servat
261 1760 444 1854 relliquias
462 1763 614 1850 agminis
631 1763 706 1854 ipss
725 1764 796 1838 sui.
847 1824 850 1835 .

73 1861 165 1958 Ergo
182 1865 281 1933 iubet
298 1861 429 1934 Mosen
441 1886 606 1956 percussa
622 1867 890 1966 educeremupe,

121 1968 190 2038 Pro
210 1964 341 2058 populo
360 1967 537 2056 uqslacum
552 1969 702 2042 flumina
722 1971 818 2060 largn
836 1995 913 2046 stro.

71 2065 294 2164 Obsequitur
309 2065 456 2154 Moses,
471 2093 568 2146 noso
578 2074 649 2167 sed,
659 2073 821 2150 conlusio
839 2085 994 2146 mentem

122 2172 282 2256 Turbae,
307 2183 343 2242 et
358 2193 520 2262 aggresso
532 2173 713 2265 diriguere
729 2199 866 2252 manus.

73 2271 143 2360 Et,
169 2274 268 2344 cuius
285 2285 476 2368 nunquam¹
488 2287 609 2367 pectus
622 2277 861 2370 trepidarerst
874 2291 976 2363 aute,

123 2376 162 2448 Si
182 2375 321 2470 quando
336 2376 475 2446 lueraut
495 2378 587 2452 iussa
604 2382 769 2452 obeunda
783 2381 863 2454 Dei.

76 2477 150 2548 lam
166 2477 274 2548 velnti
292 2477 392 2548 navis
407 2481 562 2571 scopulis
580 2481 673 2552 illisa
691 2483 839 2566 latiscit‚
928 2504 947 2558 ‘.

123 2581 185 2654 Sic
202 2605 324 2674 rupem
341 2581 534 2673 aspiciens,
571 2585 699 2656 excidit
715 2586 781 2654 iste
796 2583 877 2658 sibi.

72 2681 119 2756 Et
137 2683 237 2768 ierit,
267 2697 302 2754 et
317 2685 478 2770 dubitat,
501 2687 561 2756 sesl
581 2709 662 2758 mox
680 2711 716 2756 se
733 2685 867 2776 colligit
885 2685 978 2776 ipse,
1073 2708 1078 2727 ·
1991 2742 1999 2762 ,

123 2781 172 2858 Et
187 2787 304 2877 vigor,
331 2785 368 2855 in
387 2799 524 2879 pectus,
547 2787 611 2882 qni
626 2789 810 2872 irritante,
835 2788 940 2862 redit.
1075 2794 1078 2805 '
1601 2809 2103 2832 “““““““““““”“”““““““““·

70 2887 170 2980 Ergo
185 2891 313 2958 arciens
332 2888 459 2960 iterum
477 2915 601 2982 rupem
618 2889 763 2981 Sicelides
777 2892 915 2983 pulsu,

118 2990 314 3062 Etbaculo
331 2992 757 3083 cogitcederelssxasuuc
825 3033 828 3044 ·
1119 2989 1290 3073 Nomen

69 3092 253 3187 Quodque
269 3093 360 3182 riget¹
374 3094 534 3166 late·loca
551 3095 873 3177 sirsto3·ellrrn‹lece
888 3095 1044 3182 flumen,
1121 3094 1249 3176 ’,ἦ
1340 3151 1344 3160 .
1508 3148 1530 3170 ..
1620 3139 1624 3153 ·
1930 3092 2104 3122 Μ

124 3196 233 3270 Unde
249 3196 315 3265 sibi
332 3196 453 3266 dulces
470 3191 611 3269 hauriat
626 3223 753 3288 agmen
770 3223 890 3293 aquas.
1203 3209 1286 3276 Arsi
1305 3207 1432 3266 rioms.
1451 3210 1515 3282 e·⁶·

71 3297 155 3370 Hoc
172 3297 270 3369 Deus
288 3298 450 3391 exemplo
463 3313 689 3376 monstrasse
704 3323 844 3392 pascere
859 3313 1020 3394 egentes,

123 3401 231 3491 Quos
247 3403 290 3470 ad
307 3401 470 3472 militiam
488 3403 611 3492 deligit
629 3402 703 3496 ipse
719 3427 831 3478 suam.
1121 3397 1168 3466 ln
1192 3386 1365 3462 saonam
1395 3387 1589 3462 Ecclesiae
1614 3389 1691 3460 Dei
1722 3385 1791 3460 sssls
1822 3393 1989 3487 imnpisse
2019 3398 2113 3470 Hol-

69 3505 146 3576 sen
166 3519 285 3576 tamen
304 3503 467 3574 etmaius
483 3504 652 3598 quiddam
668 3507 863 3596 spectacula
883 3519 979 3578 tanta
1105 3503 1110 3514 '
1145 3513 1323 3590 cynossns,
1364 3487 1598 3582 descriptoris
1622 3493 1796 3564 Comisse
1823 3515 1848 3564 o
1873 3497 2086 3572 Muriirro

124 3605 358 3695 Significant,
383 3606 534 3676 multum
551 3609 647 3702 quod
662 3609 864 3679 meminisse
879 3608 988 3682 iuvat.
1487 3597 1517 3666 S
1526 3595 1746 3681 ⁰⁰⁰l⁰¹ll⁰·

71 3708 223 3799 Legiier
235 3721 277 3778 ut
293 3705 412 3778 Moses
431 3723 482 3778 est
498 3709 613 3778 iussus
628 3709 788 3780 scindere
804 3735 943 3802 rupem,

124 3811 190 3884 Sic
206 3823 352 3902 propter
364 3809 495 3901 Legem
512 3811 659 3880 vulnera
673 3807 837 3883 Christus
853 3808 971 3886 babet.

67 3913 152 3984 Lex
170 3913 319 3982 immota
334 3927 466 3992 manet?
495 3927 673 4004 peccatum
692 3915 811 4004 punit,
838 3929 872 3986 et
888 3915 982 4002 odit,

123 4014 376 4110 Proponitque
390 4011 463 4086 irae
477 4013 629 4108 plurima
644 4015 743 4105 signa
757 4013 864 4090 Deus.

72 4117 239 4204 Verum,
269 4141 315 4185 ne
327 4139 474 4209 prossus
492 4129 617 4188 natura
634 4111 789 4187 humana
806 4117 956 4210 periret,

129 4219 231 4290 Neve
246 4213 332 4288 baec
344 4219 475 4290 frustra
492 4231 578 4288 esset
595 4219 738 4290 condita
753 4221 868 4308 imago
887 4217 971 4292 Dei:

68 4322 153 4394 Pro
169 4323 274 4392 nobis
290 4319 401 4391 Natus
415 4321 525 4416 patris
538 4321 753 4404 intercessu,
778 4323 924 4416 aditque

128 4423 312 4506 Poenam,
337 4448 443 4516 qsram
461 4423 553 4494 iusta
569 4439 732 4494 senserat
748 4425 798 4492 ira
817 4422 894 4500 Dei.

66 4527 154 4598 Lex
171 4526 280 4617 igitur
296 4519 480 4596 Christum
497 4527 673 4596 insontem
695 4526 882 4618 percussit,
907 4539 940 4597 et
957 4525 1047 4596 inde.¹

131 4626 333 4698 blan-arunt
349 4627 443 4699 vitae
459 4627 606 4697 llumina
621 4639 719 4720 grata
737 4649 862 4701 novae.

30 4733 38 4746 '
66 4729 160 4803 Cur
174 4745 292 4800 autem
312 4729 463 4824 trepidat
476 4725 622 4800 Moses?
647 4730 825 4824 praesagia
843 4731 976 4814 luctus,
997 4797 1001 4804 .

141 4831 302 4904 l’enturn
322 4829 361 4901 in
376 4833 510 4924 populo
531 4843 615 4902 tune
630 4855 741 4926 pavor
756 4833 817 4900 ille
832 4831 911 4902 luit.

69 4935 191 5024 Quae
206 4935 339 5024 legem,
364 4957 557 5028 vocemque
570 4933 640 5004 Dei
656 4955 741 5023 gens
757 4931 869 5004 audiit
887 4953 978 5016 turra,

138 5035 237 5107 llaec
250 5029 395 5107 Christo
411 5033 566 5107 Domino
585 5051 633 5106 est
650 5035 794 5106 iniicere
810 5058 893 5104 ausa
911 5057 1049 5108 manus.

71 5137 292 5211 Venturum
307 5137 421 5208 scelus
438 5133 505 5208 boc
523 5133 713 5208 exhorrent
731 5152 871 5230 pectora
890 5133 1021 5218 Musis,

138 5237 187 5312 Et
203 5241 365 5312 nondum
383 5253 468 5312 noto
485 5253 579 5312 mota
594 5241 718 5312 dolore
733 5253 885 5334 stupent.

70 5342 203 5434 Saepe
219 5345 326 5412 duces
342 5343 468 5436 populi
483 5342 618 5413 leriunt
631 5356 667 5413 te
682 5343 833 5413 maxime
849 5335 1011 5428 Christe,

143 5443 360 5519 Anteierunt
375 5441 480 5542 dictis
496 5467 576 5516 cum
594 5467 657 5516 sua
673 5443 752 5516 iura
770 5443 852 5518 tuis.

75 5569 275 5644 sssssrrrr.
300 5567 406 5636 Orsa.
432 5567 517 5636 Vos.
542 5566 589 5634 X.
1098 5536 1102 5552 Ι
1411 5532 1415 5544 ⁸
1515 5549 1566 5626 40

1113 1827 1193 1902 Hoc
1209 1831 1348 1904 tumulo
1362 1846 1476 1903 castae
1492 1845 1673 1906 matronae
1689 1835 1851 1906 condidit
1869 1833 1996 1912 Annae

1167 1932 1368 2006 Fridericus
1384 1933 1570 2027 Beriipeclc
1583 1937 1745 2034 coniugis
1764 1961 1842 2008 ossa
1859 1962 1954 2010 suae.

1115 2032 1182 2108 Cui
1200 2033 1340 2106 novisse
1357 2033 1493 2126 Deum,
1514 2049 1548 2108 et
1563 2038 1725 2109 coelestia
1742 2039 1876 2110 discere
1894 2041 2005 2130 dicte,

1166 2133 1214 2208 Et
1230 2162 1351 2230 parere
1367 2129 1452 2232 ipsis
1466 2135 1617 2209 maxima
1633 2165 1716 2212 curs
1731 2141 1810 2218 luit.

1118 2236 1341 2336 lustilicsque
1354 2241 1423 2328 lide
1442 2239 1553 2340 coluit
1566 2253 1600 2313 te
1616 2237 1756 2314 Christe
1775 2241 1988 2334 Redemtor,

1072 2358 1076 2377 '
1168 2339 1382 2436 Exemplum
1399 2369 1515 2414 mores
1532 2357 1564 2414 et
1577 2345 1719 2436 pietatis
1732 2359 1843 2422 erant.

1118 2443 1225 2516 Mens
1244 2444 1351 2534 igitur
1368 2447 1501 2538 patriae
1518 2445 1649 2518 fruitur
1666 2447 1825 2518 coelestis
1841 2443 1998 2536 bonore,
2077 2435 2081 2445 ¹

1074 2576 1078 2651 q
1169 2545 1248 2617 Hoc
1261 2561 1400 2618 tantum
1416 2543 1547 2638 tegitur
1560 2573 1688 2642 corpus
1708 2547 1813 2620 inane
1829 2549 1919 2624 solu.

1123 3759 1312 3834 Fluctibus
1325 3757 1363 3828 iu
1378 3757 1503 3828 mediis
1519 3757 1660 3850 pariens
1674 3753 1830 3830 Ecclesia
1846 3785 1957 3856 quere

1175 3861 1401 3956 Halcyonum
1414 3859 1544 3930 similis
1554 3861 1619 3946 sit,
1645 3861 1763 3932 tabula
1779 3863 1844 3932 ista
1860 3867 1972 3940 docet.

1127 3963 1192 4036 llla
1209 3965 1270 4034 scd
1288 3977 1341 4034 est
1353 3961 1433 4032 aliis
1445 3961 1552 4032 etiam
1570 3961 1708 4054 depicta
1724 3963 1861 4054 figuris:

1176 4065 1332 4138 Naturae
1348 4065 1525 4156 impressit
1539 4065 1690 4158 plurima
1707 4065 1806 4156 signs
1822 4066 1929 4140 Deus.

1125 4169 1240 4241 Nidus
1255 4161 1356 4238 humi
1378 4165 1466 4236 iacet
1480 4165 1574 4238 inter
1590 4191 1669 4236 saxa
1687 4163 1926 4262 Ilypolaidos,
1952 4171 1990 4240 in
2008 4197 2114 4268 quem

1177 4269 1331 4360 lgnavus
1344 4265 1482 4363 Coccyx
1495 4293 1562 4339 ova
1576 4270 1728 4338 fovenda
1746 4267 1850 4342 locat.
2067 4257 2072 4274 ⁸

1126 4371 1289 4466 Cumque
1304 4371 1367 4440 diu
1385 4370 1481 4462 pavit
1498 4371 1662 4440 cucsslum
1680 4369 1834 4440 officiosa
1852 4395 2035 4464 voracem,

1179 4473 1251 4544 Nec
1268 4488 1385 4544 tamen
1402 4471 1594 4562 ingluviem
1614 4473 1682 4538 iam
1697 4485 1854 4543 saturare
1871 4490 2002 4566 potest:

1128 4575 1225 4648 Turn
1244 4575 1312 4644 sibi
1329 4589 1486 4644 servatae
1500 4574 1641 4643 solvens
1655 4573 1746 4642 mala
1765 4577 1918 4666 praemia
1938 4579 2048 4668 vitae,

1180 4677 1362 4748 Nutricem
1377 4675 1523 4745 cuculus
1539 4676 1686 4746 devorat
1701 4701 1763 4745 ore
1779 4701 1892 4748 suam.

1131 4779 1190 4852 Sic
1203 4779 1261 4872 pls
1278 4801 1315 4848 se
1329 4791 1509 4870 praestans
1525 4771 1743 4848 Thammero
1760 4775 1917 4850 Ecclesia
1932 4795 2101 4870 matrem,

1179 4879 1388 4974 Serpentem
1403 4877 1547 4972 proprio
1564 4877 1693 4950 nutriit
1708 4880 1783 4972 ipss
1796 4879 1891 4952 sinu.

1130 4981 1213 5054 Non
1230 4983 1329 5054 timet
1345 4981 1384 5050 in
1399 4995 1547 5050 matrem
1564 4981 1725 5054 crudeles
1742 4997 1877 5052 vertere
1894 5005 2050 5070 morsus,

1182 5084 1247 5156 llle
1260 5107 1325 5154 nec
1341 5105 1415 5152 esse
1428 5081 1563 5168 Deum,
1589 5083 1650 5178 qui
1664 5081 1760 5152 videt
1777 5083 1841 5154 ista
1855 5074 1969 5178 putat.

1134 5185 1252 5259 Gnate
1270 5183 1357 5269 Dei,
1384 5181 1554 5276 prohibe,
1579 5185 1715 5276 proprii
1734 5185 1900 5257 defensor
1919 5181 2086 5274 honoris,

1188 5287 1391 5360 Visceribus
1408 5287 1552 5358 cuculos
1567 5311 1604 5358 se
1619 5285 1746 5358 satiare
1764 5287 1846 5362 tuis.
1911 5364 1916 5375 ¹
1976 5357 1988 5384 ,Ι
