4674 6162
242 289 315 369 aso
386 223 387 226 Ὺ
955 227 986 297 ”
1037 283 1488 368 surranunura
1918 387 1921 393 ,
1976 283 1980 292 ’
2200 305 2265 380 aso

243 465 337 554 tevi,
362 485 437 536 non
452 461 634 558 pluribus,
654 475 689 534 et
707 459 917 534 sententiam
938 461 1085 534 illorum
1103 459 1236 553 rogavi,
1259 477 1264 514 t
1286 463 1376 534 lium
1393 455 1612 560 abstentio*)
1628 475 1662 534 et
1677 465 1979 538 communicatio?
2029 463 2139 566 Atqui
2154 478 2263 550 omnia

244 567 566 644 consiliumautem
588 591 645 636 nte
661 568 799 638 dedisse
822 567 1059 639 concubinam
1080 566 1236 637 ducendi
1287 567 1354 638 ista
1389 564 1641 636 communione
1676 581 1878 640 sanctorum
1911 569 2139 644 continentur
2169 581 2264 650 etad

244 695 420 770 pernego,
444 683 584 742 tanturn
602 669 703 744 abest
714 681 755 741 ut
768 669 862 739 illud
877 667 1069 764 approbari
1093 668 1236 739 abonis
1288 664 1466 740 Ecclesiae
1495 667 1690 758 legitimam
1712 671 2055 746 administrationem
2081 681 2263 752 necessario

191 781 196 790 '
245 776 303 850 vel
325 773 431 845 malis
451 771 538 842 viris
560 796 721 868 unquam
744 771 917 866 petierim.
977 769 1154 862 Quocirca
1179 769 1238 840 ni·
1286 770 1478 864 pertinent.
1540 767 1616 840 Iam
1644 771 1709 842 nbi
1734 772 1868 844 ieiunia
1900 775 2045 848 nostra?
2084 779 2148 850 ubi
2172 805 2265 853 verae

243 878 313 951 mis
342 887 481 970 praeter
502 869 712 946 charitatem
736 875 902 946 scribitur
935 887 971 946 et
1002 873 1153 961 dicitur,
1180 895 1237 942 me
1288 871 1590 965 supplicationes?
1614 873 1678 943 ubi
1694 874 1871 966 legitimae
1888 877 1993 948 etiam
2009 879 2265 953 ordinationes?

244 1003 349 1054 nosse
362 975 431 1049 hoc
446 1001 466 1050 a
481 999 538 1048 me
552 977 703 1064 iactum,
714 979 810 1074 quod
828 1000 934 1046 nemo
948 977 1154 1048 mortalium
1169 999 1238 1045 no·
1288 975 1375 1069 quid
1392 998 1476 1045 vero
1501 987 1537 1044 et
1553 975 1598 1044 de
1617 971 1796 1048 bonorum
1811 974 2141 1052 Ecclesiasticorum
2165 985 2265 1068 eccle-

246 1085 298 1155 vit
321 1082 406 1182 quia
431 1081 562 1152 factum
588 1093 755 1154 nonest.
813 1077 909 1150 illud
932 1079 1038 1150 etiam
1061 1077 1239 1162 atrociter,
1287 1076 1429 1146 siastico
1444 1100 1513 1148 usu
1527 1077 1667 1147 dicam?
1682 1080 1726 1149 de
1742 1071 1932 1151 horrendis
1947 1096 1981 1154 et
1994 1087 2204 1174 portentosis
2219 1109 2267 1157 sa-

246 1183 334 1256 haec
366 1207 441 1253 esse
465 1196 585 1252 nostra
615 1182 754 1268 studia,
785 1194 828 1254 nt
854 1205 1021 1252 vexemus
1043 1177 1238 1252 Ecclesiam
1289 1178 1444 1269 crilegiis
1459 1180 1690 1251 nostrorum?
1716 1179 1880 1254 lstavero
1896 1186 2089 1256 necemaria
2098 1183 2267 1260 Ecclesiae

246 1285 335 1373 Dei,
363 1275 407 1358 ut
433 1279 644 1354 invehamus
670 1283 806 1354 ineam
832 1283 1155 1377 pracsmtissimum
1177 1305 1240 1349 ve·
1288 1281 1472 1371 ignorare,
1503 1280 1669 1368 relicere,
1702 1307 1925 1376 oppugnare,
1954 1288 2052 1382 quod
2076 1290 2180 1360 multi
2208 1315 2266 1361 no.

248 1413 402 1474 uenum,
425 1399 563 1458 sanctos
578 1387 780 1472 turbemus,
804 1411 862 1456 me
875 1387 1028 1456 fratrum
1050 1385 1132 1454 albo
1155 1406 1239 1454 cen·
1288 1372 1402 1455 stetim
1423 1382 1578 1469 iaciunt,
1608 1385 1814 1456 damnatum
1836 1410 1975 1480 semper
1996 1389 2218 1482 sacrilegium
2240 1405 2269 1464 et

248 1491 319 1564 seri
334 1513 410 1562 non
423 1489 574 1576 debere,
598 1501 635 1560 et
654 1487 685 1558 si
703 1489 790 1584 quid
813 1487 851 1558 in
866 1511 923 1560 me
944 1501 1006 1558 aut
1026 1486 1154 1581 quovis
1167 1485 1238 1556 alio
1288 1483 1406 1575 Regni
1423 1485 1488 1558 Dei
1504 1486 1642 1556 eversio
1659 1486 1697 1556 in
1711 1489 1895 1580 scripturis
1912 1513 1991 1560 cum
2009 1493 2189 1564 veteribus
2201 1507 2269 1565 tum

247 1593 307 1692 pie
331 1619 351 1664 a
372 1591 475 1662 vobis
502 1590 666 1661 damnari
688 1591 810 1671 debet,
837 1591 874 1660 id
901 1601 984 1662 ante
1007 1613 1027 1659 a
1052 1588 1155 1659 vobis
1177 1611 1240 1658 co·
1291 1588 1396 1657 novis
1425 1587 1579 1659 indicata
1605 1603 1674 1675 est,
1708 1615 1789 1659 cum
1816 1592 1907 1662 illud
1932 1595 2029 1685 quod
2054 1593 2269 1686 Landgravio

248 1695 371 1789 gnosci
394 1705 535 1786 oportet
550 1693 654 1788 quale
677 1693 740 1778 sit,
774 1706 851 1764 tum
871 1689 1028 1763 fraterne
1050 1692 1095 1762 ab
1120 1713 1239 1761 errore
1289 1689 1512 1788 impingitur,
1527 1689 1871 1762 aDeosanctissimis
1888 1695 2084 1788 aliquando
2099 1698 2184 1768 viris
2198 1723 2269 1790 per-

249 1798 442 1870 revocandi
461 1819 487 1882 ¹a
513 1797 613 1866 vobis
635 1817 777 1879 sumus,
809 1795 919 1864 verbo
951 1793 1019 1865 Dei
1052 1789 1240 1874 admoniti,
1291 1792 1435 1860 missum
1454 1792 1519 1876 sit,
1546 1803 1578 1861 et
1605 1817 1652 1861 an
1669 1795 1779 1885 possit
1800 1809 1834 1866 et
1854 1790 1962 1867 hodie
1984 1799 2110 1892 aliquo
2136 1800 2174 1869 in
2198 1825 2268 1870 casu

180 1932 182 1940 ’
248 1925 324 1972 non
348 1897 514 1970 convitiis
538 1911 573 1968 et
593 1896 844 1966 devotionibus
865 1895 1076 1988 exagitandi.
1127 1891 1239 1965 Aliud
1291 1893 1451 1978 admitti,
1476 1889 1570 1964 haud
1593 1895 1640 1964 ita
1659 1911 1754 1968 certo
1771 1911 1917 1970 constet.
1962 1897 2001 1971 Si
2019 1893 2268 1996 quid'peccavit

249 2004 342 2076 etde
357 1999 459 2071 vobis
476 2013 512 2071 et
525 1995 683 2071 Ecclesia
699 1999 864 2091 princeps
888 1997 950 2068 ille
967 2009 1001 2068 et
1023 2021 1087 2088 ego
1111 1993 1242 2066 mereri
1291 1990 1349 2064 hic
1366 1997 1547 2088 princeps,
1565 1999 1660 2090 quod
1678 2011 1796 2068 tamen
1813 2001 1917 2071 nobis
1939 1999 2122 2100 affirmape
2146 2029 2212 2075 non
2228 2004 2267 2072 li-

249 2105 464 2176 studuimus.
523 2099 563 2176 Si
586 2101 672 2195 quid
688 2101 790 2169 mali
816 2113 928 2172 tentat
951 2096 1149 2170 Ecclesiam
1179 2121 1243 2167 ve·
1291 2121 1370 2168 cere
1393 2097 1486 2184 scio,
1512 2098 1630 2170 doleat
1655 2100 1693 2170 id
1717 2101 1841 2187 nobis,
1867 2115 1902 2174 et
1924 2101 1954 2172 si
1976 2127 2051 2197 qua
2074 2106 2132 2178 via
2155 2105 2264 2195 corrigi

250 2221 379 2294 suam,
400 2203 574 2276 occurrite
590 2203 748 2287 fortiter,
773 2216 807 2274 et
821 2201 999 2289 obsistite,
1025 2215 1159 2296 quanta
1175 2223 1240 2292 po·
1292 2199 1421 2291 possit,
1462 2200 1688 2286 annitamur,
1727 2200 1818 2274 sicot
1850 2229 1913 2296 ego
1944 2207 2010 2276 ab.
2031 2221 2113 2278 orto
2143 2231 2264 2278 rumore

251 2310 350 2383 testis
366 2307 497 2378 virtute
515 2301 682 2389 Domini,
709 2319 749 2375 ut
772 2318 892 2375 autem
910 2299 1179 2374 debacchemini
1204 2301 1241 2370 in
1292 2301 1360 2370 isto
1385 2295 1477 2376 nihil
1501 2326 1585 2372 sane
1609 2303 1881 2394 praetermisisse
1905 2303 1995 2377 mihi
2027 2309 2266 2382 consciuerant

250 2410 429 2506 principes
444 2407 506 2502 qui
521 2403 754 2500 Reipublicae
769 2419 802 2478 et
818 2403 997 2476 Ecclesiae
1017 2419 1151 2476 vestrae
1167 2395 1243 2473 nia-
1293 2404 1452 2472 omnium
1475 2429 1617 2490 eorum,
1649 2405 1740 2500 quoe
1763 2410 1832 2478 mei
1864 2409 1971 2480 officii
2002 2433 2083 2482 esse
2113 2425 2266 2506 poterant.

252 2513 332 2606 gnis
356 2513 396 2582 in
421 2513 545 2594 rebus,
573 2511 668 2602 quod
690 2531 753 2599 ego
778 2522 812 2579 et
834 2507 943 2578 vestri
973 2507 1086 2602 aliqui
1113 2506 1242 2590 sciunt,
1294 2502 1343 2576 At
1363 2505 1505 2574 interim
1531 2529 1761 2596 agnoscamus
1785 2533 1858 2581 esse
1886 2513 1999 2584 multo
2026 2515 2206 2604 graviora,
2232 2515 2268 2582 ad

252 2615 544 2697 commodarunt,
570 2605 977 2682 etcommodareadbuc
998 2609 1163 2700 cupiunt,
1189 2623 1242 2679 at·
1293 2631 1384 2702 quae
1401 2608 1507 2676 rtirnis
1524 2609 1636 2680 securi
1653 2633 1786 2685 sumus.
1837 2611 1959 2708 Neque
1977 2617 2080 2686 enim
2099 2641 2165 2688 nos
2189 2614 2272 2706 vulgi

254 2741 324 2814 que
348 2717 387 2786 in
409 2715 626 2810 symmistas,
651 2713 714 2807 qui
738 2713 842 2784 etiam
869 2737 944 2783 non
966 2707 1062 2781 nihil
1083 2735 1244 2782 commo-
1293 2709 1426 2779 iudicio
1459 2723 1599 2802 peccata
1633 2711 1848 2786 offendicula
1882 2717 2074 2789 aestimare
2110 2721 2273 2802 debemus,

254 2823 340 2890 dare
373 2817 475 2888 vobis
501 2817 710 2902 voluerunt,
745 2817 908 2886 nondum
942 2827 1123 2906 comperto
1156 2812 1241 2908 quid
1293 2813 1353 2881 sed
1372 2813 1481 2882 verbo
1495 2809 1643 2883 Domini
1658 2827 1746 2886 etre
1767 2816 1854 2908 ipsa.
1906 2812 2005 2908 Quid
2032 2845 2167 2916 quaeso
2188 2823 2274 2892 iutu-

254 2932 446 3018 peccarunt
459 2941 524 2988 nec
539 2919 615 2988 eius
630 2919 726 3013 quod
747 2917 923 2988 damnatis
948 2915 1016 2990 rite
1039 2915 1095 2985 vel
1119 2917 1244 2986 admo-
1293 2937 1374 2983 rum
1394 2911 1457 2998 sit,
1489 2916 1633 3000 fratres,
1665 2917 1695 2986 si
1717 2914 1991 3010 prophetarum,
2037 2925 2069 2992 si
2092 2921 2223 2996 Christi
2245 2935 2272 2992 et

255 3023 351 3094 nitos
366 3022 424 3092 vel
440 3021 638 3105 convictos,
664 3043 769 3114 quam
784 3019 821 3088 id
838 3019 957 3089 deceat
977 3041 1039 3088 vos
1061 3015 1128 3112 ipsi
1144 3016 1244 3086 vide·
1294 3011 1548 3107 Apostolorum
1566 3018 1786 3091 severitatem
1803 3045 1966 3093 revocare
1980 3027 2228 3098 studuerimus
2242 3024 2272 3094 in

255 3125 356 3210 ritis,
380 3137 473 3193 certe
496 3121 640 3191 divinus
667 3123 818 3213 impetus
842 3121 1073 3190 illenonest.
1124 3117 1244 3191 Facile
1294 3119 1494 3203 usurarios,
1520 3121 1557 3188 in
1572 3137 1801 3204 mercatores,
1827 3125 1890 3218 qui
1913 3139 1984 3196 tam
2012 3123 2205 3200 horrendis
2227 3151 2270 3196 ar·

257 3242 307 3298 est
323 3225 509 3296 vociferari
529 3225 660 3305 lorias,
685 3223 841 3311 insanias
863 3238 898 3296 et
918 3223 1063 3308 similia3
1091 3235 1127 3294 at
1151 3221 1243 3290 mala
1290 3220 1389 3289 tibus
1405 3232 1438 3290 et
1456 3223 1669 3312 portentosis
1685 3225 1803 3294 usuris
1822 3227 1944 3296 orbem
1972 3233 2131 3321 pecunia
2156 3227 2273 3302 exhau-

257 3332 303 3400 ab
318 3325 476 3400 Ecclesia
490 3325 557 3398 Dei
580 3347 719 3412 arcere,
746 3349 836 3422 quae
858 3326 1010 3395 maxime
1026 3337 1185 3418 oportet,
1210 3336 1245 3394 et
1293 3323 1409 3408 riant,
1436 3347 1545 3416 eaque
1561 3326 1690 3394 deiude
1712 3327 1750 3395 in
1766 3330 2013 3402 cruentissima
2029 3347 2066 3403 et
2084 3337 2165 3427 plus
2182 3355 2272 3428 quam

257 3455 347 3528 quae
365 3427 594 3524 apertissimis
609 3429 793 3520 scripturis
807 3427 935 3520 passim
953 3427 1184 3511 damnantur,
1211 3439 1245 3497 et
1293 3425 1463 3495 satanalia
1483 3426 1575 3495 bella
1591 3429 1834 3520 suppeditent,
1850 3421 2011 3503 et'totarn
2031 3435 2179 3510 interim
2198 3434 2275 3506 Ger·

257 3537 305 3608 ob
319 3557 408 3627 quae
424 3531 541 3626 quivis
556 3553 665 3622 regno
679 3527 746 3600 Dei
763 3529 991 3620 expellendus
1008 3541 1081 3614 est,
1105 3553 1244 3599 veram·
1293 3526 1449 3595 maniam
1473 3530 1703 3601 emasculant.
1753 3527 1814 3603 An
1843 3533 1906 3626 qui
1935 3559 2037 3608 nunc
2069 3551 2144 3610 tam
2164 3535 2275 3610 sancti

259 3660 327 3730 que
344 3629 479 3704 Christi
494 3633 718 3725 disciplinam
737 3633 776 3701 in
793 3627 950 3701 Ecclesia
965 3629 1032 3701 Dei
1048 3631 1243 3711 restituere,
1293 3640 1366 3699 tam
1381 3628 1599 3702 immaculati
1613 3645 1683 3702 tam
1695 3633 1781 3705 casti
1797 3649 1896 3722 sunt,
1911 3650 1950 3706 ut
1966 3638 2005 3708 in
2021 3641 2158 3712 sactum
2170 3641 2276 3712 Land-

259 3751 364 3831 atque
388 3747 590 3805 constanter
611 3747 644 3803 et
662 3735 854 3804 salubriter
877 3757 1056 3818 exercere,
1094 3733 1130 3801 id
1159 3757 1244 3802 vero
1295 3731 1407 3820 gravii
1425 3734 1521 3824 quod
1547 3746 1734 3820 tractatur,
1760 3761 1824 3806 nec
1846 3739 1931 3830 ipsis
1953 3742 2044 3811 dum
2067 3755 2276 3836 compertum

259 3855 330 3911 tam
352 3837 455 3906 iacile
478 3861 551 3904 nou
575 3849 636 3910 est.
696 3838 736 3906 Si
762 3838 848 3930 quid
876 3827 1149 3930 Landgravius
1175 3835 1244 3906 tale
1296 3855 1369 3901 csse
1388 3847 1520 3925 potest,
1546 3837 1630 3905 satis
1651 3834 1908 3910 destomachari
1929 3861 2136 3938 nequeant,
2161 3847 2228 3915 sint
2251 3855 2278 3910 et

260 3939 415 4025 admisit,
442 3939 536 4032 quod
556 3939 647 4008 fama
664 3939 741 4020 sert,
761 3961 913 4029 agnosco
928 3961 1091 4025 magnam
1105 3937 1166 4007 ille
1182 3939 1245 4006 de·
1296 3933 1334 4002 iu
1350 3957 1413 4004 suo
1433 3949 1572 4025 peccato
1588 3940 1774 4010 manifesto
1792 3955 1960 4038 tantoque
1984 3949 2157 4036 graviore
2174 3970 2278 4041 parem

260 4043 351 4113 derit
361 4039 511 4134 Papistis
526 4041 745 4110 occasionem
760 4035 1244 4128 calumniandiEvsngelium
1296 4039 1518 4108 severitatem
1535 4040 1750 4112 admissuri?

258 4141 412 4229 Christi;
439 4157 474 4213 at
490 4155 622 4236 quanto
638 4143 808 4212 maiorem
824 4165 890 4212 nos
906 4143 1048 4222 damus,
1076 4167 1155 4212 cum
1176 4157 1245 4212 tam
1397 4153 1495 4226 Haec
1518 4159 1670 4228 seribere
1694 4161 1738 4230 ad
1754 4163 1949 4250 vosvolffi,
1970 4189 2050 4237 non
2077 4171 2177 4264 quod
2204 4191 2280 4262 qua.

259 4245 463 4316 humaniter
483 4247 630 4314 ferimus
654 4257 686 4313 et
704 4243 964 4314 dissimulamus
985 4258 1123 4330 nostra,
1149 4247 1245 4339 quod
1297 4282 1403 4351 quam
1420 4259 1550 4328 sactum
1567 4259 1784 4352 Landgravii
1797 4287 1982 4354 agnoscam
2008 4285 2076 4340 ant
2102 4271 2280 4342 defendere

188 4437 195 4450 ·
260 4364 332 4419 tam
356 4348 460 4418 multi
483 4362 516 4418 et
538 4347 656 4435 magni
687 4371 728 4416 ex
760 4347 863 4416 vobis
897 4359 931 4416 et
964 4349 1095 4416 uostris
1131 4361 1244 4418 totum
1297 4361 1532 4447 instituerim,
1558 4365 1676 4435 gedue
1698 4391 1877 4436 monerem
1901 4391 1981 4455 vos,
2017 4371 2115 4443 bene
2145 4399 2283 4466 perpen.

261 4475 374 4520 ttnum
390 4448 579 4520 articulum
596 4449 820 4539 fidei'pfll‘llm
836 4449 1012 4536 ignortssls
1039 4450 1168 4542 parlim
1187 4473 1245 4520 re·
1297 4464 1453 4531 derulum
1482 4487 1554 4534 esse
1577 4467 1662 4558 quid
1693 4461 1899 4538 huiusmodi
1930 4471 1968 4540 iu
2004 4473 2159 4547 incertis
2180 4477 2282 4546 rebus.

261 4553 408 4639 ἷῐίὶῠῐῑῑ,
434 4551 560 4643 Pffllffl
582 4563 812 4642 ⁰PP¹¹8¹¹³¹¹²=
839 4551 928 4621 illud
953 4551 1032 4620 ‘³5⁰⁰
1052 4553 1096 4622 de
1122 4547 1246 4622 Eccle·
1299 4561 1412 4657 Atqui
1429 4591 1552 4636 eorum
1576 4561 1763 4637 hominum
1782 4575 1910 4664 quibus
1929 4579 2152 4666 pastoralem
2176 4599 2283 4647 curam

262 4657 311 4724 ⁵3³
334 4668 368 4724 ⁰1
395 4667 597 4724 ⁵³⁰⁰i⁰fflffl
621 4653 881 4724 ⁰⁰ffl¹1¹¹¹¹¹l⁰¹¹²·
934 4651 1005 4740 Ubi
1033 4653 1128 4723 enlm
1155 4655 1244 4724 illud
1297 4680 1359 4736 aut
1381 4667 1572 4737 fraternam
1596 4671 1848 4741 correctionem
1872 4677 2088 4768 impendere
2112 4681 2171 4750 vel
2195 4679 2285 4748 volu·

261 4779 389 4848 eorpus
412 4751 618 4824 Ecclesiae?
650 4755 712 4825 ubi
744 4755 804 4824 illa
832 4755 993 4824 omnium
1015 4757 1185 4848 professio
1213 4771 1247 4828 et
1300 4791 1379 4838 mus
1393 4769 1449 4838 vel
1466 4771 1593 4840 debere
1611 4773 1715 4842 nobis
1733 4799 1806 4843 non
1822 4777 2006 4864 videm„
2035 4785 2174 4876 quibu,
2191 4785 2284 4852 etiam

234 4875 237 4880 ’
261 4859 300 4927 in
319 4857 558 4928 obedientiam
578 4855 768 4928 adductio?
790 4857 854 4927 ubi
870 4858 959 4928 iusta
979 4858 1019 4932 in
1040 4860 1245 4950 gravissime
1296 4883 1369 4939 tam
1386 4871 1509 4940 multis
1525 4874 1734 4944 nominibus
1750 4877 1918 4948 debemus
1934 4903 2119 4954 summam
2145 4881 2286 4955 charita.

262 4973 444 5052 peccantes
463 4957 670 5052 πλεονεξιᾳ,
698 4959 866 5030 ebrietate
889 4959 1044 5053 luxuque
1067 4961 1137 5031 alio
1162 4985 1245 5030 cen·
1297 4985 1367 5040 tem
1401 4987 1434 5042 et
1467 4975 1741 5062 gratitudinem,
1774 4981 1894 5050 deceat
1928 5005 1996 5051 nos
2034 4984 2287 5078 intempestivis

261 5087 342 5131 sura
361 5077 395 5132 et
416 5061 620 5152 castigatio?
648 5061 711 5130 ubi
732 5061 889 5150 legitima
910 5063 1101 5154 dignorum
1127 5078 1161 5133 et
1188 5065 1246 5132 in·
1297 5075 1449 5166 querelis
1467 5089 1527 5144 aut
1544 5077 1684 5146 iustitiis
1699 5082 1871 5168 exagitare
1886 5098 1946 5153 aut
1960 5096 2099 5174 tegere.
2144 5085 2287 5162 Detenttt

261 5165 449 5256 dignorum
466 5163 503 5232 in
520 5163 825 5234 administratione
847 5179 1147 5236 sacramentorum
1173 5167 1246 5236 dis·
1297 5199 1371 5245 non
1391 5177 1492 5264 volo,
1519 5178 1590 5247 imo
1612 5181 1673 5250 ubi
1690 5183 1849 5255 aedificat
1872 5187 2041 5257 damnari
2070 5193 2174 5274 volo,
2203 5189 2285 5284 quod

261 5267 395 5336 cretio?
419 5266 481 5334 ubi
504 5265 665 5333 omnium
690 5267 932 5335 aberrantium
954 5269 1075 5337 sedula
1096 5269 1179 5336 satis
1201 5269 1244 5336 ad

261 5367 426 5458 Regnum
445 5363 577 5439 Christi
595 5355 803 5460 inquiSitio?
829 5369 892 5438 ubi
908 5371 1112 5461 tempestiva
1131 5371 1244 5441 rebel-

1304 5348 1531 5363 w

1332 5438 1361 5505 *)
1386 5437 1528 5518 Spriptnm
1548 5446 1588 5492 cst
1606 5441 1761 5506 abstentia,
1786 5443 1859 5516 quod
1880 5445 1946 5500 nibil
1975 5459 2030 5504 est.
2075 5449 2152 5510 Nelo
2174 5452 2287 5520 delinire,

1367 5507 1431 5578 qotd
1446 5509 1566 5564 Boecrus
1582 5509 1727 5577 scripserit.
