4652 6178
251 239 328 314 tot
443 167 445 170 Ι
840 227 1261 328 QUAESTIONES
1294 192 1694 312 ACADEMICAE.
2177 249 2233 326 tas

249 403 429 510 πυθμένα
456 433 520 506 per
550 407 763 482 vocabulum
785 408 1061 502 diagrammatos
1083 412 1245 505 explicat,
1296 409 1438 503 publica
1459 435 1541 480 cum
1557 409 1720 502 pervenit
1735 407 1780 480 ad
1798 405 1986 500 perfectam
2000 409 2052 482 sui
2066 414 2238 508 auctionem,

249 543 322 615 quo
332 517 492 590 absolute
501 511 562 585 hic
571 514 788 606 significatur
797 516 1096 607 quadrangulum,
1117 539 1243 609 quarn-
1295 536 1369 582 non
1382 513 1511 584 retinet
1524 536 1630 582 suurn
1645 511 1844 582 naturalem
1858 523 1997 598 statum,
2020 515 2061 584 ab
2072 515 2161 589 initio
2173 546 2238 592 con·

250 622 306 691 ris
334 633 369 692 et
393 619 481 690 alias
502 616 634 708 species
654 607 1060 708 planarum'ligurarum
1082 639 1243 710 compre-
1295 615 1479 702 stitutum,
1519 616 1582 685 sed
1609 635 1755 706 prorsus
1786 614 1963 684 contraria
1992 617 2158 706 producit,
2190 625 2238 692 de·

248 717 403 807 hendat,
429 713 590 819 συζυγία
611 731 729 789 autem
754 719 911 812 quinarii
932 718 971 788 lit
994 741 1057 810 pec
1073 720 1243 810 diagona—
1295 717 1465 786 struentia
1483 712 1707 786 harmoniam
1723 714 1852 808 ipsius,
1876 738 2003 807 nempe
2017 717 2101 808 leget
2114 732 2240 796 ettotam

249 827 341 910 lero,
367 819 557 894 habentem
579 821 739 916 quinque
761 835 877 912 partes
897 819 1154 912 coniungentes
1170 824 1242 892 duo
1294 819 1437 910 imperii
1455 818 1625 903 formam,
1650 841 1714 910 per
1734 811 1958 886 harmoniam
1982 819 2072 888 enim
2088 824 2240 916 praecipua

247 929 377 1010 latera,
417 947 571 1018 quorum
600 924 752 994 alterum
781 935 871 1010 tres,
907 923 1059 994 alterum
1088 937 1244 1018 quatuor
1294 918 1480 992 Platonem
1502 920 1693 1011 depingere
1715 919 1808 1010 leges
1826 915 2047 1012 Rerumpub.
2067 922 2157 992 facile
2176 949 2241 996 coo-

239 1021 358 1100 habet
372 1040 499 1122 partes.
1295 1034 1364 1093 stat
1386 1043 1427 1092 ex
1443 1019 1646 1093 Aristotelis
1668 1021 1823 1092 sectione
1844 1021 2072 1092 decimanona
2085 1026 2184 1116 probl.
2196 1028 2240 1100 ιθ.

1294 1121 1482 1194 Caeterum
1502 1148 1582 1194 curn
1602 1123 1727 1214 omnia
1749 1123 1960 1214 exemplaria
1982 1125 2094 1214 legant
2112 1119 2172 1197 delo
2191 1124 2240 1222 dp-

569 1188 740 1283 Sliqullu‘
756 1187 793 1257 ln
811 1201 923 1258 lenm
1292 1219 1445 1315 μονίας,
1470 1249 1535 1296 nec
1557 1226 1701 1312 usitata,
1726 1225 1800 1294 imo
1820 1225 2009 1294 durissima
2029 1226 2071 1296 sit
2087 1229 2238 1319 appellatio

491 1283 563 1366 δύο
586 1285 769 1386 ἁρμονίας
790 1286 997 1386 παρέχεται·
1294 1322 1550 1421 δυσαρμονία,
1577 1327 1791 1398 retineamus
1804 1327 1972 1398 usitatam
1986 1327 2168 1402 lectionem.
2207 1327 2239 1402 Et

351 1431 453 1521 Quae
473 1429 581 1499 verba
603 1440 714 1498 totam
738 1421 900 1496 Platonis
919 1425 1131 1496 sententiam
1152 1425 1242 1497 cim·
1295 1432 1399 1500 credo
1416 1425 1507 1499 hanc
1522 1430 1695 1500 veriorem
1711 1449 1803 1514 esse,
1830 1429 1982 1522 eoquod
1998 1427 2095 1500 Plato
2110 1431 2239 1500 marinas

248 1535 371 1608 meriis
393 1531 550 1604 tenebris
570 1531 740 1599 videntur
765 1528 968 1612 involvere,
995 1529 1043 1598 ita
1065 1541 1106 1598 ut
1127 1541 1240 1598 toturn
1295 1530 2240 1624 rerumpuh.dissipationesetconlusionesvolueritpin-

247 1640 384 1712 dictum
414 1634 510 1704 toliis
529 1631 703 1728 Sibyllae,
744 1643 806 1700 aut
836 1631 1033 1718 aenigmate
1061 1626 1242 1724 Sphyngis
1293 1657 1373 1722 gere
1389 1633 1527 1704 duabus
1542 1633 1693 1704 maxime
1708 1631 1908 1722 insignibus
1921 1633 2156 1717 dissonantiis,
2177 1658 2239 1727 quae

248 1743 412 1812 rideatur
427 1735 624 1808 obscurius.
676 1729 868 1820 Quomodo
885 1733 980 1801 enim
996 1732 1033 1801 id
1049 1731 1087 1798 in
1100 1727 1167 1802 hac
1183 1757 1242 1803 re·
1293 1737 1331 1805 io
1356 1730 1421 1806 hac
1444 1736 1682 1830 triplicatione
1699 1735 1848 1804 laterum
1866 1735 2050 1804 dulcisono
2065 1736 2238 1804 diatessaron

246 1866 329 1916 rum
344 1853 470 1910 natura
488 1836 655 1930 possibile
671 1835 745 1905 est?
771 1835 828 1903 vel
843 1834 980 1904 ratione
997 1857 1241 1923 numerorum,
1291 1839 1475 1923 accedunt,
1493 1851 1682 1932 manetque
1696 1837 1771 1930 ipsa
1781 1836 1979 1907 similitudo
1990 1835 2160 1906 illustrior.
2178 1833 2237 1906 Per·

245 1947 304 2016 rel
326 1943 567 2034 cuiuscunque
589 1937 814 2034 quantitatis,
847 1937 1107 2030 sesquitertiam
1130 1939 1240 2008 ratio·
1292 1941 1422 2010 tineret
1443 1955 1621 2032 praeterea
1645 1940 1690 2010 ad
1711 1939 1984 2029 explicationem
2005 1937 2156 2008 vocabuli
2171 1935 2236 2006 liar·
2268 2026 2273 2032 ¹

245 2071 329 2118 nem
363 2043 629 2134 componendo,
670 2040 726 2108 vel
756 2063 865 2108 unam
898 2037 1067 2131 praebere
1096 2033 1241 2110 harmo—
1292 2042 1449 2124 moniae,
1474 2042 1636 2112 delinitio
1649 2041 1733 2112 'eius
1750 2035 2005 2134 Pythagorica,
2029 2065 2105 2110 curn
2125 2040 2236 2134 quadan

245 2147 369 2219 niam?
420 2143 463 2215 ld
493 2144 589 2214 enirn
618 2140 838 2232 impossibile
867 2155 919 2210 est
942 2163 984 2210 ex
1005 2133 1237 2234 Pythagorica
1292 2143 1535 2233 explicatione.
1594 2141 1683 2213 ltem
1704 2142 1841 2213 erudita
1865 2141 2060 2234 disputatio
2083 2143 2123 2210 de
2145 2141 2233 2210 suod-

245 2250 472 2331 delinitione,
498 2259 533 2316 et
553 2268 594 2315 ex
614 2243 777 2313 doctrina
798 2241 1087 2334 proportionum.
1139 2243 1240 2315 Sicut
1290 2258 1411 2314 mento
1439 2245 1794 2333 concordantiarum,
1836 2245 1967 2338 quibus
1998 2257 2142 2314 utuntur
2164 2237 2230 2308 hodie

245 2353 342 2424 enirn
358 2347 547 2441 Diapeote,
572 2345 852 2438 quotiescunque
869 2357 1021 2428 auctum,
1047 2367 1121 2412 non
1139 2369 1241 2437 prae·
1290 2360 1451 2416 cantores
1471 2347 1508 2415 in
1532 2359 1808 2438 contrapuncto,
1840 2360 1880 2416 ut
1903 2359 2049 2415 vocant:
2081 2342 2233 2438 quomodo·

244 2457 307 2526 bet
320 2453 431 2523 ullam
446 2445 730 2531 consonantiam,
753 2447 801 2518 ita
817 2469 882 2514 nec
896 2447 1128 2518 diatessaron:
1155 2448 1238 2541 quia
1289 2473 1357 2539 que
1381 2449 1463 2520 illae
1484 2449 1580 2538 ipsae
1599 2447 1822 2518 consentiant
1839 2451 1917 2518 (um
1937 2442 2129 2516 harmoniis
2143 2437 2234 2537 Pytha·

246 2569 415 2630 neutrum
439 2564 496 2620 est
516 2550 560 2619 'in
586 2549 705 2641 aliqua
728 2547 919 2640 multiplici
941 2548 1097 2634 ratione,
1129 2565 1169 2620 ut
1187 2563 1240 2622 est
1289 2550 1429 2638 gorieis.
1496 2545 1604 2634 lt'em,
1645 2575 1692 2618 an
1721 2575 1762 2620 er
1793 2551 2056 2620 concordantiis
2085 2561 2236 2624 cantorio,

243 2655 447 2750 Diapason,
473 2677 562 2746 quae
578 2664 717 2723 tanturn
735 2645 921 2720 harmonia
939 2665 1038 2720 aucta
1055 2653 1239 2724 constituit
1288 2653 1434 2743 quidam
1465 2665 1558 2724 recte
1586 2653 1818 2734 concludant,
1857 2650 2086 2724 Diatessaron
2110 2673 2171 2718 non
2189 2667 2236 2714 east

245 2757 473 2840 harmonias,
498 2754 580 2824 ideo
601 2753 634 2822 ei
658 2753 744 2838 soli,
770 2748 977 2822 Aristoteles
1000 2753 1125 2824 tribuit
1143 2755 1238 2824 anti·
1287 2751 1533 2824 Harmoniam.
1584 2755 1655 2826 Sed
1670 2749 1738 2824 hoc
1753 2755 1831 2824 loco
1846 2747 2012 2824 habenda
2027 2767 2078 2824 εει
2093 2748 2237 2822 ratiobre

245 2857 388 2955 pliona,
413 2871 454 2958 ut
470 2872 522 2928 est
538 2857 658 2926 videre
676 2855 715 2923 in
733 2854 965 2924 decimanona
984 2855 1137 2926 sectione
1153 2880 1238 2948 pro-
1288 2855 1417 2926 vitatis.
1472 2855 1557 2928 ldeo
1575 2851 1643 2926 hoc
1659 2857 1780 2926 labore
1796 2858 2051 2948 supersedebo,
2076 2847 2235 2943 praesertin

244 2963 452 3036 blematum.
504 2957 645 3030 Deinde
668 2979 837 3051 quasnam
860 2950 1063 3025 harmonias
1079 2957 1238 3029 efficeret
1288 2981 1366 3038 curn
1390 2953 1476 3028 baec
1496 2961 1645 3027 maxima
1669 2982 1709 3026 ex
1732 2973 1829 3048 parte
1847 2959 1983 3048 possint
1999 2957 2068 3049 peti
2085 2979 2120 3024 es
2136 2949 2236 3022 Musica

246 3063 441 3156 composita
458 3059 697 3154 sesquitertia,
723 3081 803 3127 curn
821 3058 858 3124 in
875 3071 947 3128 tota
963 3081 1081 3127 rerum
1098 3073 1236 3142 natura,
1287 3055 1422 3142 Boetii,
1448 3073 1510 3130 aut
1531 3057 1764 3148 stapulensis.
1816 3058 2001 3129 Postremo
2024 3046 2237 3146 igituriuhoc

243 3183 315 3238 tres
346 3178 484 3236 tantum
517 3162 689 3255 perlectae
720 3155 928 3228 harmoniae
957 3158 1122 3230 inventae
1143 3177 1236 3238 sunt.
1287 3159 1384 3228 dicto
1414 3161 1574 3232 Platonis
1596 3160 1808 3253 'l'riplicatio
1837 3162 2062 3250 intelligatur
2085 3181 2138 3236 ea,
2163 3171 2237 3246 quant

243 3267 392 3360 Nempe,
422 3265 616 3358 Diapason,
639 3261 826 3353 Diapente,
849 3275 885 3331 et
894 3259 1131 3341 Diatessaron,
1156 3265 1237 3360 qui·
1286 3262 1666 3350 vulgo'cubicationem
1681 3286 1859 3335 vocamus.
1908 3259 2116 3335 'Sicucintra
2131 3251 2238 3326 inGeo·

242 3372 311 3442 bus
326 3371 531 3458 congruunt
543 3365 775 3459 compositae,
801 3363 1040 3454 Disdiapason
1054 3377 1088 3434 et
1103 3363 1236 3456 Diapa-
1286 3364 1429 3434 metrica
1451 3364 1696 3456 progressione
1708 3364 1886 3457 Platonis,
1911 3365 2088 3436 sursolida
2105 3352 2239 3446 multipli-

243 3496 310 3544 son
332 3475 412 3542 cudi
429 3469 614 3562 Diapente.
666 3465 768 3554 Quae
789 3461 996 3536 harmoniae
1012 3467 1235 3538 nullomodo
1285 3466 1377 3534 catio
1399 3468 1584 3558 utriusque
1606 3468 1746 3537 nirmeri
1767 3467 1791 3537 4
1814 3481 1848 3536 et
1871 3470 1894 3538 3
1916 3459 2238 3560 dicipotcstquinto·

243 3577 337 3645 dunt
363 3597 404 3642 ex
424 3569 684 3664 compositione
707 3581 768 3638 aut
792 3564 1039 3654 Diatessaron,
1065 3583 1126 3638 aut
1146 3566 1234 3640 Dia·
1265 3567 1441 3658 plicatio.
1493 3566 1548 3640 Eo
1564 3569 1659 3638 enim
1676 3571 1780 3639 modo
1794 3570 2018 3663 sesquitertia
2033 3567 2119 3640 ratio
2134 3561 2238 3632 Diato-

242 3689 358 3770 pente.
411 3672 506 3744 Num
530 3672 638 3762 igitur
660 3669 881 3760 ignorantiae
905 3683 966 3741 aut
986 3671 1234 3743 illiberalitatis
1284 3692 1391 3738 saron
1413 3671 1603 3764 quinquies
1627 3672 1771 3740 additur
1793 3687 1827 3742 et
1847 3672 2079 3742 constituitur
2098 3663 2239 3749 disdiatt·

244 3775 362 3875 (quod
386 3800 448 3845 sua
464 3775 619 3878 noluerit
636 3767 805 3863 intelligi)
822 3774 1038 3840 accusandus
1056 3787 1105 3842 est
1119 3771 1233 3861 Plato,
1283 3794 1368 3856 son,
1394 3797 1474 3841 curn
1494 3773 1680 3842 semitonio
1701 3773 1860 3858 minore,
1884 3775 2008 3860 idest,
2033 3769 2240 3842 decimosexto.

230 3873 544 3968 Philosophorum
566 3871 911 3968 praestantissimus?
968 3870 1142 3945 Neutrum
1166 3867 1233 3946 ho·
1283 3867 1372 3965 quac
1394 3875 1640 3964 complectitur
1658 3888 1844 3970 utramque
1859 3875 2115 3946 dissonantiam
2133 3863 2239 3960 politiae

240 4005 323 4053 rum
345 3980 420 4048 ullo
444 3980 550 4048 modo
569 3977 834 4046 concedendurn
850 3987 921 4044 est:
946 3999 1070 4045 verum
1086 4000 1233 4069 respon·
1282 3976 1533 4046 destruentem.
1585 3975 1669 4046 ldeo
1688 3975 1787 4046 Plato
1808 3991 1976 4070 tanquam
1999 3976 2038 4045 in
2056 3959 2239 4047 terminoihi

241 4083 411 4167 dendum,
437 4105 518 4150 eum
533 4080 683 4148 abusum
698 4100 772 4148 esse
788 4077 933 4145 uomine
945 4071 1153 4148 barmoniae
1168 4073 1249 4171 pro*
1282 4077 1461 4163 consistit,
1487 4093 1523 4148 et
1543 4079 1678 4169 colligit
1691 4101 1815 4162 ,annos
1835 4081 1945 4150 totius
1961 4068 2200 4171 progressionis
2209 4063 2239 4132 ab

242 4184 473 4268 dissonantia,
498 4204 589 4277 quae
601 4192 765 4269 generata
780 4191 832 4248 εει
846 4203 887 4248 ex
903 4180 1076 4249 concinna
1088 4193 1122 4250 et
1132 4183 1232 4254 suavi
1281 4178 1417 4249 unitate
1432 4204 1494 4251 seu
1513 4181 1689 4274 principio
1705 4182 1862 4274 politiae.

241 4282 429 4358 harmonia
451 4285 697 4367 Diatessaron,
730 4280 820 4350 sicut
841 4281 947 4370 vulgo
970 4284 1231 4373 receptaculum
1838 4297 1841 4304 ’

241 4386 421 4460 cadaveris
435 4386 585 4455 dicimus
600 4377 825 4476 sepulchrum
841 4377 1016 4464 hominis,
1042 4385 1110 4476 ipsi
1126 4387 1230 4454 cada-

238 4489 316 4558 'veri
332 4489 528 4558 tribuentes
544 4485 698 4576 priorem
715 4478 889 4552 habitum.
941 4482 992 4554 lta
1010 4509 1153 4576 prorsus
1170 4488 1228 4557 in·
1269 4551 1271 4558 ,
1366 4445 1402 4500 ⁵⁴
1487 4445 1524 4502 ⁴⁸
1608 4451 1645 4500 ω
1732 4450 1767 4501 ²⁷
1989 4439 2157 4905 Ι

238 4591 472 4679 telligendum
496 4600 547 4657 est
568 4585 781 4704 vocabulum
801 4589 866 4676 atis
886 4579 1085 4704 ᾇρμονίας,
1119 4589 1149 4658 si
1171 4615 1228 4659 re·
1338 4527 1492 4828 N
1644 4528 1798 4832 s
1965 4463 2147 4879 m

238 4692 385 4762 tinenda
409 4705 461 4761 est
484 4685 570 4760 haec
592 4687 718 4772 lectio,
744 4711 834 4780 quae
855 4701 960 4758 etiarn
981 4689 1019 4757 in
1036 4689 1227 4762 Aristotele
1513 4784 1514 4788 Ἰ
1559 4787 1563 4794 .
1863 4755 1868 4758 ,

1544 4847 1614 4902 ms

1331 4344 1674 4419 Semiditonuscum
1692 4345 1882 4438 Diapente.
1954 4339 1989 4417 Α
2064 4343 2088 4415 5
2151 4336 2176 4410 C

239 4807 345 4872 estat.
371 4794 499 4861 sivero
515 4791 598 4860 satis
612 4811 733 4880 graece
751 4803 866 4879 posset
880 4790 963 4876 dici,
988 4785 1227 4889 δυσαρμονία

237 4917 305 4989 12³⁰
327 4885 398 4966 δύο
420 4886 621 4988 ἆθμθνῖαἳ»
649 4891 799 4980 l‘gef‘m
823 4885 1098 4988 δυσαθμθνῖαῢ
1125 4899 1226 4990 ‘lumi
1328 4915 1508 5010 Diapason
1525 4941 1606 4990 cum
1623 4917 1861 4990 semiditono.
1968 4919 1999 4991 D
2147 4913 2173 4986 B

239 4996 352 5079 dicat,
386 4996 477 5065 sicot
506 4993 724 5087 sesquitertia
754 4993 843 5062 ratio
867 4995 1102 5082 diatessaron,
1134 5023 1225 5091 qnae

236 5111 289 5170 est
312 5097 427 5188 imago
447 5097 600 5188 optimae
619 5091 852 5186 Reipublicae
874 5110 996 5183 aucta,
1029 5102 1223 5171 meandum
1378 5103 1474 5176 Haec
1495 5105 1617 5176 omnia
1639 5117 1679 5176 ut
1695 5103 1957 5194 intelligantur,
1984 5103 2238 5198 sitquadrangu·

232 5200 383 5270 ternarii
414 5198 682 5289 perfectionem,
731 5219 805 5264 non
838 5199 1004 5286 producit
1034 5201 1223 5274 retinentia
1275 5203 1350 5275 lum
1371 5231 1434 5279 seu
1450 5202 1611 5301 πυθμὴν
1626 5204 1659 5278 Α
1674 5203 1706 5276 Β
1724 5206 1983 5299 sesquitertius,
2009 5201 2077 5278 hoc
2090 5217 2139 5274 cst
2151 5201 2235 5270 laten

236 5324 319 5372 suae
348 5301 497 5391 originis
527 5299 654 5368 iustam
686 5292 909 5366 harmoniam
938 5313 972 5369 et
1002 5303 1223 5392 suavitatem,
1273 5301 1353 5379 AC
1375 5324 1410 5380 ει
1430 5306 1531 5394 ΑΙ),
1556 5311 1631 5379 sive
1644 5307 1676 5380 D
1690 5305 1721 5377 B
1745 5323 1780 5377 et
1806 5304 1836 5376 Β
1852 5303 1901 5388 C,
1927 5332 2004 5378 eam
2029 5308 2118 5385 inter
2136 5327 2169 5374 te
2187 5293 2236 5366 ht·

228 5405 294 5474 ‘sed
314 5427 425 5497 patras
450 5415 551 5496 putas
572 5399 828 5471 dissonantias:
861 5395 914 5470 lta
934 5413 970 5472 et
991 5404 1126 5496 optima
1148 5431 1222 5478 res-
1272 5409 1380 5482 beant
1404 5413 1589 5486 rationem.
1653 5409 1847 5500 Quantitas
1866 5424 1986 5484 autem
2010 5411 2148 5484 illorum
2166 5401 2237 5474 1³1⁸·
