4686 6172
211 265 287 340 923

215 544 371 614 edictum
396 543 642 613 contemnent,
668 529 750 598 illos
773 551 852 604 cum
870 525 1064 606 Academia
1089 554 1207 602 severe

218 642 362 740 puniet,
388 651 465 708 tum
486 657 587 716 vero,
613 631 642 702 si
663 654 753 722 opus
773 631 857 715 erit,
881 633 986 702 etiam
1009 628 1209 704 cohercebit

220 740 482 818 lllustrissimus
500 733 681 826 Princeps.
734 731 917 804 Postremo
934 738 1130 804 monendos
1146 755 1209 804 vos

217 847 304 922 duxi
336 845 381 914 de
416 838 566 924 vestito,
605 837 741 929 inquo
776 836 937 930 quotidie
971 838 1211 928 excogitantur

218 971 331 1022 novae
356 942 527 1035 ineptiae,
568 939 664 1032 qnod
696 938 870 1025 significat
894 939 1003 1027 magis
1030 941 1210 1031 magisque

218 1071 373 1125 crescere
396 1045 574 1114 levitatem
600 1041 815 1110 animorum.
869 1040 1053 1112 Pantanus
1076 1043 1112 1110 in
1134 1043 1212 1110 dia-

219 1159 299 1244 logo
324 1149 478 1243 quodam
513 1143 707 1230 interrogat
738 1143 867 1226 alium,
901 1143 987 1236 quid
1017 1144 1212 1214 sentiatde

220 1257 318 1346 Rege
336 1251 479 1324 Gallico
495 1244 624 1316 Carolo
645 1246 812 1332 gibboso,
838 1245 900 1338 qui
924 1259 1007 1314 tunc
1026 1257 1213 1336 occuparat

219 1355 418 1450 Neapolin,
450 1373 496 1419 an
526 1347 658 1418 iudicet
690 1371 868 1416 comesse
897 1347 1115 1438 sapientem?
1150 1345 1214 1416 llle

221 1459 440 1552 respondens
463 1449 597 1544 inquit:
631 1448 822 1537 Quomodo
842 1463 930 1518 esset
947 1449 1106 1540 sapiens,
1133 1473 1214 1518 cum

221 1579 294 1636 tam
311 1571 409 1630 curta
429 1567 522 1624 veste
540 1551 684 1622 utatur?
725 1549 808 1644 Quo
826 1552 974 1620 consilio
993 1547 1059 1622 hoc
1079 1576 1097 1622 a
1117 1549 1214 1620 Pon-
1246 1594 1249 1604 -

222 1680 306 1738 tano
323 1664 457 1732 dictum
472 1655 546 1724 est?
579 1650 657 1722 Etsi
672 1654 776 1722 vestis
792 1677 865 1722 non
878 1653 980 1726 affert
995 1653 1215 1744 sapientiam,

224 1783 343 1838 tamen
361 1758 535 1830 affectatio
558 1757 717 1826 indecori
735 1755 881 1826 vestitos
903 1756 1076 1844 significat
1096 1755 1214 1824 stulti·-

223 1871 329 1952 tiam,
363 1877 397 1934 et
413 1861 603 1932 levitatem.
657 1853 823 1928 Offendit
846 1852 1014 1928 honestos
1039 1873 1216 1948 etgraves

223 1972 320 2040 viros
342 1961 401 2036 hic
430 1959 645 2032 histrionum
679 1955 838 2043 habitus,
873 1975 908 2031 et
932 1956 1060 2032 horum
1085 1959 1216 2029 iudicia

224 2075 322 2145 decet
336 2091 399 2140 vos
417 2065 543 2137 vereri.
589 2061 772 2132 Praeclare
789 2063 908 2156 inquit
923 2064 1054 2134 Seneca
1070 2063 1108 2130 in
1124 2061 1217 2130 Tra-

225 2177 365 2267 goedia:
391 2167 498 2240 Levis
521 2179 591 2250 est,
614 2189 678 2232 nec
700 2165 802 2234 illum
820 2165 980 2234 stimulat
999 2165 1131 2258 gloriae
1154 2166 1216 2232 de-

224 2299 297 2348 cus.
348 2269 476 2343 Monet
500 2269 613 2350 enim,
635 2289 716 2334 vere
740 2265 918 2335 levitatem
941 2289 1034 2352 esse,
1059 2289 1132 2334 non
1156 2289 1218 2332 ve·

224 2379 298 2452 reri
323 2367 539 2468 prudentum
562 2381 595 2436 et
617 2363 847 2436 honestorum
871 2367 1022 2452 iudicia,
1055 2391 1130 2436 non
1152 2361 1218 2434 ha-

225 2483 310 2552 bere
332 2475 507 2548 rationem
536 2469 814 2540 existimationis.
875 2468 1000 2557 Quid?
1032 2470 1128 2564 quod
1150 2463 1218 2538 hae

225 2581 379 2674 ineptiae
397 2597 523 2664 magua
541 2572 630 2640 vicia
647 2570 772 2642 alunt?
796 2569 865 2642 Sed
884 2573 1019 2644 desino.
1058 2569 1216 2646 Tantum

226 2685 321 2756 enim
352 2678 450 2750 volui
481 2699 543 2746 vos
576 2681 731 2748 monere.
790 2671 926 2744 Hortor
948 2685 1087 2756 autem,
1114 2688 1155 2744 ut
1178 2673 1216 2740 in

226 2785 394 2858 omnibus
408 2780 500 2851 vitae
515 2776 674 2870 partibus
689 2775 843 2846 cilicium
859 2790 1013 2845 vestrum
1029 2775 1218 2864 diligenter

224 2887 378 2966 faciatis,
404 2896 439 2952 et
458 2879 610 2950 modesti
631 2879 723 2963 sitis,
746 2880 781 2948 a
802 2873 940 2948 scholas
965 2877 1123 2967 cogitetis
1143 2899 1217 2946 non

225 3003 365 3062 tantum
383 2983 586 3065 doctrinae,
607 2980 797 3070 sedetiam
815 2980 955 3051 virtutis
970 2980 1129 3050 officinas
1146 3001 1218 3066 esse

228 3095 368 3164 debere.
400 3103 402 3106 ’
419 3083 581 3178 Cumque
596 3083 632 3152 iu
650 3083 762 3184 gradu
779 3082 871 3152 vitae
887 3106 1025 3151 summo
1041 3095 1075 3152 et
1094 3083 1219 3150 landa-

227 3194 364 3267 tissimo
388 3187 550 3259 collocati
567 3186 660 3268 sitis,
686 3185 859 3274 praestate
872 3197 906 3254 et
928 3184 967 3255 in
985 3184 1111 3254 studiis
1128 3197 1161 3252 et
1179 3183 1217 3250 iu

227 3291 481 3386 componendis
502 3289 660 3358 moribus
677 3287 897 3374 diligentiam
914 3287 1055 3374 dignam
1071 3285 1135 3356 illo
1151 3281 1217 3354 ho·

227 3396 426 3470 nestissimo
444 3393 537 3462 vitae
561 3391 689 3480 gradu,
714 3401 755 3458 ut
773 3388 859 3457 olim
877 3389 920 3457 ad
937 3385 1118 3480 Rempub.
1132 3388 1219 3456 affe-

228 3499 314 3574 ratis
328 3513 362 3568 et
376 3494 572 3565 doctrinam
593 3492 717 3562 utilem
733 3491 836 3574 vitae,
860 3502 894 3558 et
911 3513 1024 3560 mores
1040 3492 1219 3582 probatos,

228 3617 262 3674 et
275 3612 439 3674 utvestra
454 3595 606 3666 eruditio
623 3607 657 3662 et
675 3591 869 3662 moderatio
886 3591 925 3660 in
939 3592 1100 3662 moribus
1116 3605 1219 3662 omct

228 3705 378 3798 gloriam
391 3698 470 3770 Dei.
523 3695 702 3782 Sapientia
725 3692 793 3764 Dei
814 3693 852 3762 in
876 3693 1060 3786 scripturis
1083 3695 1241 3787 inquitz.

227 3805 331 3880 Ludo
349 3805 387 3872 in
403 3802 489 3872 orbe
505 3813 637 3879 terrae,
662 3812 697 3866 et
711 3795 858 3866 deliciae
875 3820 974 3866 meae
990 3809 1074 3868 suut
1088 3796 1237 3868 versari.

228 3933 310 3981 com
332 3897 551 3976 hominibus.
605 3898 722 3988 Quam
747 3899 902 3970 suaviter
925 3894 1091 3970 hicDeus
1114 3911 1220 3969 testa-

228 4027 305 4096 tur,
330 4003 795 4093 senobisimpertiresnam
815 4000 1033 4092 sapientiam.
1073 3997 1220 4094 thui-

229 4115 310 4183 dem
328 4105 502 4198 voluptati
518 4105 551 4174 ei
565 4128 638 4172 esse
651 4117 690 4172 ut
706 4104 891 4172 nobiscnm
905 4117 1074 4188 versetur,
1099 4117 1140 4172 ut
1153 4129 1220 4172 no-

230 4217 285 4285 bis
308 4235 412 4283 suum
435 4229 565 4276 munus
581 4205 770 4296 impertiat.
823 4203 934 4293 ldque
956 4218 1049 4274 extat
1065 4207 1102 4272 in
1117 4201 1240 4292 scho-⁴

230 4318 293 4400 lis,
329 4309 368 4382 hi
402 4325 522 4380 coetus
557 4323 660 4388 som,
700 4329 789 4399 qnos
816 4318 919 4376 vocat
952 4331 1032 4374 suas
1065 4308 1220 4376 delicias.

230 4417 351 4507 Quare
373 4413 590 4502 gratulemur
614 4409 717 4478 nobis
740 4403 831 4478 hauc
848 4403 916 4476 Dei
931 4409 1220 4494 familiaritatem,

230 4541 368 4612 nosque
398 4513 445 4584 ita
480 4535 739 4602 comparenrus,
776 4524 815 4581 ut
850 4510 1007 4580 libenter
1035 4513 1219 4581 nobiscum

230 4635 407 4700 versetur,
440 4628 474 4684 et
496 4615 611 4684 studia
636 4625 757 4684 nostra
780 4615 824 4682 ad
847 4612 1035 4694 utilitatem
1060 4637 1221 4684 commu·

230 4748 311 4794 nem
325 4713 508 4814 provehat.
560 4713 654 4788 Dixi.

1027 4981 1222 5136 (misaca.)

254 5053 321 5124 No.
340 5051 376 5121 9.

237 5145 409 5178 *ΟΝ

296 5241 338 5298 Er
360 5243 450 5296 Riccir'
468 5240 583 5297 Miscell.
602 5240 682 5296 editis
702 5237 894 5296 Nolaxxvl.
913 5253 940 5296 et
960 5261 991 5298 ex
1003 5259 1098 5315 apogr.
1111 5240 1140 5295 in
1156 5243 1220 5298 cod·

333 5313 414 5368 omi.
426 5311 467 5369 aa.
480 5329 507 5382 p.
522 5313 565 5364 aa.

695 244 1003 344 ALLOQUlA
1034 246 1109 326 ΕΤ
1143 247 1372 332 BREVES
1404 247 1755 334 conciones.

215 455 285 511 tos.
333 427 513 506 Prohibeo
538 427 622 498 item
649 424 723 515 geri
750 451 859 500 arma.
910 399 1018 498 Etsi
1045 426 1108 521 qui
1136 422 1205 498 hoe
1285 435 1507 508 Gratias-am,
1528 437 1628 508 actia
1643 436 1684 504 tn
1700 437 1929 526 pensatione
1939 437 2273 531 Maffimrmi

2175 255 2252 334 924

1611 534 1771 608 authore
1793 541 1833 609 P.
1852 541 1905 608 Μ.

1263 669 1361 755 Cu‘m
1380 677 1628 772 Praeceptores
1652 680 1764 751 nostri
1786 682 1990 752 mandarint
2012 677 2122 764 mihi,
2156 697 2197 753 nt
2220 685 2257 753 iu

1263 783 1331 856 hoc
1346 780 1594 854 honestissimo
1609 797 1712 865 coetu
1726 784 1770 852 de
1784 808 1881 854 more
1897 807 1999 874 agam
2014 787 2155 874 gratias,
2172 808 2259 876 gau·

1263 891 1328 957 deo
1342 881 1433 956 milri
1448 909 1505 954 eas
1524 899 1639 976 partes
1657 888 1755 956 datas
1777 910 1868 974 esse,
1892 887 1930 954 in
1950 887 2081 982 quibus
2096 888 2257 958 officium

1263 990 1391 1080 magis,
1423 1005 1529 1082 quam
1548 984 1763 1082 Eloquentia
1785 1003 1973 1080 spectatur.
2024 991 2138 1080 Spero
2162 991 2259 1060 enim

1264 1115 1326 1161 vos
1361 1115 1425 1183 pro
1460 1104 1575 1160 vestra
1610 1083 1747 1160 summai
1781 1085 2001 1163 humanitate
2036 1092 2260 1164 voluntatem

1264 1219 1377 1264 meam
1400 1191 1610 1284 probaturos
1632 1215 1724 1275 esse,
1758 1193 1894 1261 etiamsi
1915 1193 1954 1262 in
1976 1193 2139 1264 oratione
2165 1195 2261 1264 mul-

1264 1311 1339 1368 tum
1362 1293 1619 1364 desiderabitis.
1672 1291 1885 1388 Quanquam
1910 1295 1969 1367 cui
1987 1291 2018 1390 ¹)
2043 1311 2094 1366 est
2118 1309 2260 1366 tantum

1265 1399 1399 1468 {lumen
1417 1397 1570 1485 ingenii,
1597 1408 1692 1466 tanta
1709 1397 1929 1492 eloquentia,
1957 1411 1997 1468 ut
2018 1421 2057 1467 ea
2075 1399 2260 1488 beneficia,

1266 1525 1355 1594 quae
1388 1497 1538 1570 studiosi
1570 1521 1588 1566 a
1619 1498 1723 1567 honis
1753 1499 1959 1570 doctoribus
1983 1501 2166 1591 accipiunt
2197 1526 2260 1592 pro

1266 1601 1439 1692 dignitate
1467 1599 1669 1691 praedicare
1694 1613 1798 1694 atque
1829 1625 1956 1670 ornare
1981 1603 2103 1692 possit.
2159 1599 2259 1692 Quae

1266 1707 1361 1775 enim
1385 1701 1551 1773 beneficia
1575 1703 1707 1770 maiora
1732 1727 1771 1771 ac
1793 1703 1938 1772 meliora
1954 1705 2117 1773 conferre
2141 1699 2259 1773 homi-

1266 1833 1328 1877 nes
1346 1802 1551 1874 hominibus
1567 1818 1732 1896 possunt,
1758 1829 1863 1898 quam
1880 1799 1973 1874 hanc
1994 1821 2110 1876 rectae
2127 1807 2256 1876 doctri-

1266 1935 1331 1980 nae
1355 1907 1733 1992 communicationem,
1766 1931 1835 2002 qua
1859 1921 1932 1978 tota
1956 1909 2026 1978 vita
2054 1911 2249 1980 continetur

1267 2037 1306 2082 ac
1329 2011 1480 2104 regitur,
1506 2033 1611 2102 quam
1634 2005 1805 2078 habemus
1828 2012 1953 2079 ducem
1971 2011 2015 2080 ad
2033 2011 2206 2082 virtutem
2227 2023 2256 2080 et

1266 2117 1310 2184 ad
1329 2112 1642 2183 immortalitatem.
1677 2107 1799 2204 ltaque
1813 2136 1951 2204 semper
1964 2113 2086 2205 optavi
2103 2113 2259 2207 aliquam

1269 2211 1356 2284 mihi
1374 2215 1593 2284 occasionem
1617 2211 1696 2282 dari
1715 2214 1964 2304 significandae
1986 2239 2086 2285 meae
2111 2215 2260 2306 gratitu-

1267 2319 1363 2388 dinis
1385 2338 1464 2405 erga
1489 2329 1731 2406 praeceptores
1754 2329 1914 2402 nostros,-
1946 2319 2158 2410 praesertim
2183 2341 2261 2386 cum

1268 2420 1424 2488 viderem
1440 2417 1626 2509 praecipue
1641 2417 1679 2484 in
1696 2413 1762 2486 hac
1775 2413 1895 2489 schola
1909 2443 2045 2490 summa
2059 2421 2143 2500 lide,
2166 2443 2261 2489 som-

1267 2545 1395 2614 maque
1417 2519 1605 2610 prudentia
1629 2519 1732 2588 nobis
1749 2521 1900 2612 optimas
1920 2533 2012 2591 artes
2036 2523 2136 2592 tradi
2157 2535 2261 2614 atque

1267 2621 1449 2695 inculcari.
1500 2617 1661 2715 Cumque
1684 2617 1722 2690 hi
1740 2622 1809 2692 mei
1827 2623 1979 2714 collegae
2002 2637 2194 2708 testentur,
2221 2645 2256 2690 se

1267 2727 1312 2795 ad
1331 2726 1483 2794 eundem
1508 2726 1655 2794 modum
1680 2723 1824 2794 affectos
1847 2749 1939 2813 esse,
1973 2751 2046 2796 non
2077 2727 2199 2797 solum
2222 2726 2264 2794 de

1268 2851 1344 2912 me,
1378 2828 1438 2896 sed
1463 2825 1567 2895 etiam
1591 2828 1635 2894 de
1657 2849 1718 2896 sua
1741 2827 1958 2898 voluntatea
1977 2829 2122 2900 medici
2141 2830 2267 2899 colue-

1267 2943 1363 2998 runt.
1415 2923 1492 2998 Etsi
1515 2941 1630 2997 autem
1655 2923 1740 2997 haec
1764 2931 2053 3001 commemoratio
2080 2925 2196 3001 hrains
2219 2943 2267 3000 est

1269 3031 1443 3108 officium,
1470 3045 1575 3124 quam
1594 3045 1633 3099 ut
1650 3031 2111 3120 magnitudini'meritorum
2129 3048 2266 3104 vestro-

1268 3158 1347 3204 rum
1364 3135 1591 3223 respondeat,
1616 3147 1733 3202 tamen
1751 3135 1920 3226 quoniam
1939 3136 1977 3203 in
1995 3135 2082 3228 ipsis
2096 3137 2267 3230 auspiciis

1269 3236 1382 3306 nostri
1406 3231 1573 3318 honoris,
1609 3248 1642 3304 et
1667 3233 1704 3302 in
1729 3231 1796 3305 hoe
1817 3237 1960 3326 publico
1982 3252 2166 3309 conventu
2192 3237 2267 3308 Deo

1269 3352 1303 3408 et
1333 3337 1435 3406 vobis
1467 3337 1614 3430 testibus
1642 3337 1841 3426 obligamus
1875 3364 1940 3409 nos
1967 3339 2145 3430 religione
2182 3365 2269 3440 qua-

1268 3443 1348 3512 dam
1370 3442 1413 3509 ad
1436 3435 1636 3508 habendam
1668 3439 1814 3530 gratiam
1839 3457 2026 3534 perpetuo,
2066 3441 2270 3534 plurimum

1269 3537 1399 3612 habere
1434 3541 1601 3634 ponderis
1634 3536 1720 3610 haec
1749 3543 2037 3614 commemoratio
2073 3545 2270 3614 iudicanda

1269 3659 1332 3714 est.
1385 3641 1621 3734 Agnoscimus
1639 3643 1756 3738 itaque
1771 3667 1837 3714 nos
1860 3647 1903 3714 iis
1924 3645 2106 3716 beneficiis
2125 3647 2267 3716 allectos

1269 3771 1359 3832 esse,
1385 3749 1515 3840 quihus
1529 3745 1675 3834 cogitari
1692 3745 1790 3814 nulla
1807 3749 1954 3818 meliora
1970 3763 2134 3841 possunt.
2178 3747 2272 3819 Nul-

1270 3851 1343 3918 lum
1373 3847 1467 3918 enim
1495 3847 1607 3916 nmios
1637 3859 1686 3915 est
1712 3847 1940 3936 beneficium,
1972 3878 2080 3946 qoam
2105 3865 2207 3922 recte
2230 3853 2273 3920 de

1268 3951 1432 4021 maximis
1449 3951 1566 4040 rebus,
1589 3953 1633 4018 de
1649 3949 1831 4042 religione,
1857 3955 1972 4046 deque
1988 3955 2161 4026 omnihus
2176 3955 2274 4024 vitae

1269 4053 1394 4124 officiis
1413 4054 1501 4123 alios
1517 4055 1652 4125 docere.
1704 4051 1865 4148 Cumque
1882 4049 1968 4124 haec
1988 4055 2081 4124 bona
2100 4082 2189 4125 vere
2207 4051 2275 4124 Dei

1270 4179 1417 4225 munera
1433 4157 1471 4224 in
1488 4155 1590 4225 terris
1605 4177 1678 4224 esse
1692 4167 1897 4240 statuamus,
1916 4157 2089 4227 sentimus
2101 4153 2136 4254 ')
2151 4157 2276 4230 Deum

1270 4257 1447 4326 virulicem
1470 4257 1738 4346 ingratitudinis
1755 4257 1848 4344 sore,
1874 4259 1985 4354 siquis
2004 4259 2172 4352 ingratus
2197 4263 2276 4330 loe-

1269 4363 1317 4430 rit
1339 4361 1505 4429 adversus
1529 4381 1605 4442 eos,
1639 4383 1792 4451 quorum
1814 4383 1920 4452 opera
1941 4363 2057 4431 aditus
2081 4363 2155 4456 ipsi
2175 4379 2277 4456 pate

1270 4461 1383 4530 factus
1401 4475 1452 4530 est
1469 4463 1512 4529 ad
1528 4453 1591 4527 has
1609 4461 1761 4552 optimas
1778 4486 1817 4530 ac
1833 4462 1971 4532 divinas
1988 4479 2091 4534 artes.
2146 4465 2276 4556 Quare

1271 4563 1481 4655 pollicemur
1504 4585 1568 4630 nos
1597 4575 1767 4654 perpetuo
1791 4563 1893 4634 vohis
1916 4565 2065 4655 gratiam
2092 4561 2277 4638 halituros

1271 4689 1360 4750 esse,
1387 4689 1427 4734 ac
1446 4667 1590 4733 daturos
1607 4687 1769 4756 operam,
1796 4679 1836 4735 ut
1852 4692 2063 4762 quocunque
2082 4671 2200 4740 oflicii
2216 4695 2278 4760 ge·

1271 4791 1354 4837 nere
1381 4767 1594 4858 poterimus,
1618 4765 1796 4840 cumulate
1818 4792 1881 4862 per
1897 4771 2121 4840 occasionem
2138 4775 2277 4844 relere-

1270 4893 1361 4942 mars.
1404 4865 1498 4939 Dixi.

1042 5143 1215 5172 Μ
1295 5179 1296 5188 ¹

1306 5201 1340 5298 ¹l
1353 5228 1430 5284 llice.
1447 5230 1536 5288 euius·

1306 5316 1335 5386 2)
1353 5319 1504 5382 sentimus]
1525 5314 1624 5372 excidit
1642 5334 1657 5370 e
1673 5323 1746 5376 tutu
1760 5313 1856 5374 ttieeti.
