4652 6178
63 315 133 388 729
650 299 1068 400 QUAESTIONES
1102 289 1505 384 Acluuutcdtl.
2024 309 2099 388 780

63 501 101 560 up
115 507 222 556 guum
238 479 389 575 quisque
405 491 532 552 teneat,
584 475 659 550 Iam
676 473 716 552 hi
731 477 865 552 reditus
879 503 956 556 non
972 489 1056 552 sunt
1105 469 1309 544 temnenda.
1378 469 1496 546 Mulie
1520 487 1666 550 naltlt'ite
1693 478 1864 554 mlt'tlcttla
1884 477 2097 578 Philosophi

63 587 254 680 impiorum
271 581 558 670 canonicorum,
579 583 737 656 sedeunt
753 579 1055 658 versellccleaiae.
1104 571 1325 664 collegerunt
1349 573 1388 644 iu
1411 575 1528 664 coelo,
1553 579 1653 666 a'e‘re,
1682 583 1940 672 animantibus,
1965 587 2097 678 plantis

62 690 182 782 Quare
197 683 426 776 Magistratus
441 686 591 756 reddere
606 708 665 756 eos
680 709 783 756 verae
797 681 976 758 Ecclesiac
991 685 1054 754 de-
1103 674 1367 758 sssimadvems
1398 679 1511 750 mults
1535 696 1735 756 monstrant
1756 687 1900 776 vestigia
1925 687 2095 760 divinita·

59 795 137 884 bet,
171 803 207 862 21
232 811 383 880 poenam
407 811 559 878 mmm,
575 788 620 858 de
643 786 782 880 impiis,
815 801 986 882 tanquam
1008 787 1054 858 da
1103 775 1171 862 tis,
1193 779 1255 848 sed
1271 778 1428 868 profecto
1444 779 1673 854 Metellorum
1693 787 1928 860 consideratio
1943 813 2017 860 nou
2037 813 2095 860 ce·

59 891 313 989 praedonibus,
1103 877 1156 950 dit
1170 877 1242 948 illis
1267 892 1413 950 naturae
1435 883 1606 971 partibus.
1655 880 1790 960 Amant
1805 883 1890 960 haec
1910 904 1944 962 et
1959 891 2093 962 miran-

159 991 293 1084 Magna
309 989 466 1084 profecto
479 991 667 1062 necessitas
684 1003 754 1072 est,
778 989 946 1060 acerrime
959 982 1052 1062 hane
1102 992 1162 1050 lut
1177 973 1340 1051 homine}
1357 983 1520 1057 utilitatis
1535 1008 1658 1072 caula,
1684 1011 1751 1059 nec
1765 985 1987 1083 reprehendo
1997 987 2093 1064 llttnc

60 1120 200 1170 causam
215 1095 281 1186 agi.
331 1091 410 1162 Nisi
424 1091 520 1162 enim
537 1094 718 1164 facultates
733 1093 965 1164 restituantur
980 1086 1053 1162 Ec·
1102 1081 1285 1168 affectum·
1318 1080 1379 1153 Sic
1394 1085 1489 1155 enlm
1506 1099 1540 1158 θῑ
1557 1111 1612 1157 ¹⁰⁵
1629 1089 1715 1160 ³52⁸
1729 1091 1858 1164 ffl⁰¹¹³⁸
1872 1093 2093 1185 ⁸¹¹⁸l¹l⁶l¹¹¹¹¹³·

59 1201 203 1284 clasiae,
229 1195 318 1266 boni
336 1207 493 1285 pastores
508 1209 541 1264 et
557 1217 728 1288 pauperes
741 1189 941 1265 scholastici
957 1193 1051 1264 fame
1101 1181 1172 1258 Sed
1199 1196 1314 1254 lemen
1341 1199 1393 1255 ⁰³1
1414 1185 1527 1258 311ῖωὶ
1548 1189 1640 1260 bene
1661 1189 1832 1278 imillull,
1862 1219 1935 1264 ¹¹⁰⁰
1952 1207 2092 1266 lanium

58 1303 245 1396 peribunt,
278 1296 393 1368 studia
418 1297 686 1388 extinguentur,
716 1297 868 1368 deerunt
881 1291 1052 1368 Ecclesiis
1101 1284 1290 1356 utilitatem
1301 1287 1470 1376 cogitare,
1489 1291 1669 1362 sedetiam
1684 1307 1827 1364 naturas
1839 1295 1932 1390 ipsas
1948 1295 2093 1372 intueri.

60 1419 90 1476 et
106 1399 342 1492 Reipublicae
360 1397 502 1468 literati.
1099 1383 1182 1456 Nou
1213 1386 1308 1456 enim
1337 1399 1475 1496 mutum
1503 1392 1674 1482 opinione
1702 1389 1889 1468 hominum
1909 1397 2092 1486 differunt,

160 1501 267 1594 Agite
280 1500 390 1590 igitui-
403 1514 436 1570 ea
453 1497 630 1590 publicam
645 1493 824 1570 Eoeleaiae
838 1521 999 1590 auum,
1016 1509 1051 1570 et
1101 1489 1161 1558 sed
1175 1485 1289 1573 Deus,
1315 1502 1353 1560 ut
1368 1491 1484 1582 precia
1497 1493 1728 1581 discerneret,
1753 1497 1869 1570 voluit
1882 1499 1951 1570 alia
1965 1499 2091 1572 metal-

58 1619 229 1687 vestram,
254 1616 290 1672 et
311 1603 410 1672 lucos
430 1601 511 1670 illos
532 1600 578 1670 ab
601 1599 748 1670 alveolis
770 1601 955 1692 depellite,
987 1599 1050 1694 qui
1100 1589 1134 1662 la
1154 1591 1378 1680 generosiora
1399 1615 1472 1664 esse
1494 1595 1585 1668 aliis.
1636 1595 1852 1689 Mira‘igitur
1868 1599 2090 1692 singulorum

58 1709 255 1780 vastitatem
273 1704 312 1774 iu
327 1699 503 1787 Ecclesia,
530 1717 704 1792 quantum
720 1701 759 1772 iu
775 1701 862 1792 ipsis
877 1717 949 1786 est,
974 1702 1051 1774 effi-
1100 1704 1156 1762 est
1180 1691 1297 1782 origo,
1336 1693 1426 1766 mira
1454 1691 1653 1788 sympathia
1683 1711 1717 1768 et
1738 1701 1926 1778 discordia.
1985 1699 2091 1774 Unde

58 1836 135 1882 πη
151 1819 339 1880 commui.
392 1801 660 1894 circumspicite
679 1797 776 1874 hune
791 1817 929 1874 coetum
944 1799 1049 1876 acho.
1100 1793 1341 1866 testimonium
1366 1794 1503 1866 illustre
1531 1798 1622 1868 sumi
1649 1812 1779 1891 potest,
1804 1797 1900 1872 hunc
1915 1804 2091 1876 mundum

58 1913 416 2000 1352500fflm‚quam
439 1903 550 1974 multa
572 1897 1051 1997 sunrhicingeniaopiim,
1100 1917 1175 1964 non
1192 1917 1265 1964 esse
1284 1917 1366 1964 casu
1383 1911 1513 1972 ortum.
1553 1898 1647 1972 Sunt
1663 1902 1759 1972 enim
1775 1904 1999 1994 singulorum
2015 1927 2090 1974 me·

58 2018 102 2086 ad
121 2013 289 2085 virtutem
311 2022 346 2076 et
361 2007 481 2078 literas
495 2006 642 2090 idonea,
674 2027 765 2098 quae
790 2003 859 2076 nisi
883 2006 933 2077 eis
956 2003 1047 2079 Res-
1099 1996 1265 2066 liliorum
1292 2009 1404 2066 ⁰²¹¹st
1427 1997 1538 2089 leges,
1573 2015 1607 2074 et
1631 2017 1723 2074 certa
1744 2029 1823 2074 eum
1841 2005 1921 2076 aliis
1938 2007 2090 2092 foedera,

57 2115 199 2212 publiea
223 2109 478 2202 opitulabitur,
512 2109 673 2178 deserere
697 2105 813 2178 studia
829 2123 976 2200 propter
992 2107 1050 2175 in.
1100 2108 1158 2180 ut,
1183 2092 1437 2186 Argentariam
1448 2099 1605 2187 Galena,
1632 2101 2088 2197 namsinehacargentum

58 2219 177 2312 opiam
211 2225 390 2304 cogentur.
454 2205 522 2280 llis
550 2207 797 2299 opitulamini,
838 2203 1051 2280 heraliae
1100 2199 1245 2290 excoqui
1262 2223 1336 2266 nou
1355 2215 1479 2289 potest.
1530 2201 1707 2294 Pur'gatur
1725 2207 1857 2297 optime
1877 2204 2017 2280 Aurum
2031 2232 2090 2278 ar-

58 2315 178 2390 iuvari
193 2341 214 2386 ἃ
230 2311 496 2402 magistratibus
518 2306 746 2390 inmenens,
772 2311 965 2403 etquidem
980 2307 1050 2402 ipsi
1100 2311 1207 2388 genta
1231 2300 1333 2386 vivo,
1357 2325 1438 2374 cum
1457 2317 1592 2374 caetera
1609 2303 1749 2377 metalla
1770 2308 1932 2382 innatare
1944 2323 2089 2398 argento

60 2417 224 2492 Canones
237 2415 359 2485 iubent
374 2413 425 2484 eis
438 2436 541 2508 opem
561 2411 700 2482 serriex
715 2405 1065 2505 Ecclesiarurnopi-·
1100 2399 1184 2470 viro
1209 2401 1357 2478 soleant.
1415 2399 1555 2476 Aurum
1577 2407 1609 2476 ei
1631 2422 1821 2500 repugnat,
1853 2423 1888 2482 et
1904 2410 1999 2482 ineo
2014 2435 2090 2482 cer·

57 2525 138 2596 bug,
188 2519 258 2592 sid
275 2515 417 2588 audiam
435 2529 532 2585 tuam
549 2513 774 2586 sententiam,
825 2509 923 2586 Dixi.
1099 2501 1233 2574 tamine
1247 2503 1379 2593 optime
1396 2519 1583 2595 purgatur,
1606 2531 1647 2578 ac
1661 2497 1810 2582 discedit
1827 2536 1847 2584 a
1864 2508 2013 2605 purgato
2030 2537 2090 2584 ar-

1098 2615 1243 2692 geutum
1259 2603 1397 2690 rivum,
1423 2627 1529 2700 seque
1543 2607 1589 2678 ab
1604 2633 1646 2678 eo
1661 2611 1843 2704 disiungit.
1883 2613 1989 2686 Dicas
2003 2638 2089 2706 pro·

54 2741 1044 2780 .....--------—-----·--
1098 2703 1290 2796 pemodum
1315 2705 1504 2796 imaginem
1527 2731 1601 2778 esse
1617 2709 1814 2784 discordiae
1830 2714 1924 2784 inter
1940 2715 2088 2786 verbum

1097 2799 1167 2876 Ilei
1181 2818 1216 2876 et
1225 2799 1419 2876 humanam
1433 2809 1656 2900 sapientiam.
1706 2811 1922 2890 Antelerunt
1935 2811 2088 2900 Aurum,

63 2905 235 3036 Q
790 2899 1046 2984 23.Sept.1540·
1098 2902 1183 3000 quia
1205 2907 1310 2978 durat
1327 2907 1366 2976 in
1390 2908 1491 2998 igne,
1514 2913 1573 3030 aed
1594 2911 1742 3002 opinor,
1768 2915 1854 2988 alias
1870 2915 1975 2986 etiam
1993 2917 2088 2988 mul-

154 3103 186 3160 .
391 3113 419 3168 ..
433 3093 479 3150 ..
730 3127 733 3133 -
837 2994 906 3026 “’
923 2999 945 3024 ”
962 2993 1040 3032 ”
1098 3020 1505 3198 {tetemet
1521 3019 2088 3207 :terminantia

56 3265 235 3357 numu„
259 3257 308 3332 d,
332 3253 442 3329 regu,
465 3251 690 3339 mmmm,
719 3254 884 3324 „mm
902 3270 928 3322 a
943 3251 1011 3322 Ma
1035 3303 1046 3326 ·
1098 3233 1117 3280 e
1141 3211 1279 3302 poculis
1300 3213 1416 3282 aureis
1431 3210 1562 3302 lrides,
1593 3231 1628 3288 et
1651 3219 1785 3290 accedit
1805 3219 1929 3310 igneus
1943 3220 2087 3308 stridor,

85 3363 303 3446 rosanae
327 3351 611 3444 Mattiacis,
642 3349 882 3445 dariam.
903 3349 1014 3430 1540,
1096 3312 1298 3486 quasiauri
1320 3315 1540 3433 extrudentis
1563 3341 1716 3439 panem·
1759 3319 2087 3441 Qumnrwmqnin

1112 3415 1213 3484 itudo
1238 3427 1310 3500 est,
1342 3417 1543 3506 significans
1566 3443 1629 3504 us,
1655 3445 1716 3514 qur
1739 3423 1882 3494 coeleste
1904 3425 2087 3496 doctrinae

54 3521 214 3622 Semper
230 3525 279 3596 ita
295 3520 407 3601 sensi,
431 3512 499 3588 bos
516 3527 637 3588 coetus
651 3527 687 3586 et
700 3515 864 3608 publicos
878 3539 1045 3608 congres-
1096 3514 1453 3602 inluuduutveuena,
1464 3515 1580 3590 Deum
1590 3521 1719 3592 minari
1728 3523 1899 3596 iudicium
1909 3540 1943 3596 et
1953 3521 2088 3614 iguem?

53 3657 117 3708 sus
135 3625 419 3704 doctissimorum
446 3613 636 3689 homiuum
666 3631 811 3710 propter
839 3612 1046 3690 honestissi-
1096 3615 1213 3688 Multa
1237 3613 1441 3690 huiusmodi
1461 3622 1620 3715 symbola
1641 3635 1918 3698 commemorare
1939 3649 2087 3722 possem,

52 3759 133 3810 snas
145 3750 266 3803 causas
290 3723 471 3796 institutos
493 3742 586 3806 esse,
618 3719 656 3792 in
674 3719 804 3814 quibus
818 3721 968 3792 maxime
982 3723 1047 3792 de-
1096 3718 1128 3790 si
1143 3718 1265 3790 liceret
1279 3714 1363 3790 buic
1379 3737 1585 3812 argumento
1605 3723 1800 3799 immorari.

52 3853 112 3912 cet
126 3831 199 3906 dici
213 3827 350 3922 aliquid
364 3849 405 3896 ac
421 3821 537 3894 audiri
556 3845 597 3892 ex
614 3819 759 3912 optimis
775 3820 930 3907 artibus,
955 3847 1046 3916 quae
1197 3819 1268 3892 Sed
1289 3819 1396 3890 venio
1423 3823 1465 3890 ad
1490 3823 1749 3916 quaestionem:
1785 3823 1922 3898 Utrum
1953 3847 1998 3896 ne
2020 3823 2084 3918 sil,

50 3951 139 4016 snut
151 3933 259 4006 utiles
274 3927 377 4002 vitae.
418 3924 539 4017 Quare
553 3921 616 3994 etsi
632 3916 722 3992 mibi
738 3922 873 4014 ingenii
889 3924 958 3994 mei
975 3923 1045 3994 im-
1095 3914 1198 4019 quod
1208 3917 1336 3992 scribit
1349 3913 1520 4006 Plinius,
1546 3919 1748 4018 Argentum
1761 3933 1907 4001 lanium
1921 3937 2083 4000 exterra

50 4037 231 4116 becillitas
252 4043 336 4105 nota
358 4041 429 4112 est,
460 4039 579 4099 tamen
596 4023 680 4118 quia
697 4027 914 4098 cousuetudo
929 4019 1046 4097 Sebo-
1094 4044 1158 4092 seu
1182 4016 1374 4120 lapidibus
1397 4021 1667 4122 excoquendum
1698 4049 1794 4112 esse,
1827 4051 1891 4100 aec
1915 4050 1982 4125 per
2006 4049 2083 4102 sess
2115 4099 2119 4106 ,

50 4147 110 4218 lae
133 4135 240 4212 nobis
262 4129 327 4203 bas
348 4129 491 4202 dicendi
516 4140 633 4220 partes
653 4125 836 4208 attribuit,
870 4125 955 4200 duxi
978 4128 1045 4200 ob-
1096 4123 1205 4200 nasci
1221 4147 1371 4196 massas
1391 4123 1615 4220 argentm?
1754 4151 1761 4166 .

50 4238 325 4334 tmpersuduru
347 4253 421 4302 esse
442 4227 588 4322 publico
610 4226 721 4310 mori,
745 4249 786 4302 sc
806 4227 918 4300 malui
932 4227 971 4298 iu
987 4253 1045 4298 me
1197 4225 1315 4299 Verba
1338 4227 1415 4310 eius
1438 4225 1523 4298 baec
1543 4241 1645 4314 sunt,
1669 4228 1765 4302 libro
1784 4233 1847 4304 88.
1898 4229 2005 4304 Nulla
2026 4231 2084 4306 sui

50 4338 250 4420 desiderari
263 4328 824 4424 eruditionem,quamulfieium,
847 4342 883 4400 et
897 4329 1044 4420 parendi
1096 4349 1158 4422 spe
1174 4329 1350 4413 nascitur,
1373 4341 1438 4400 etc.
1488 4329 1607 4400 Nullis
1624 4343 1664 4400 ut
1678 4333 1820 4402 inauro
1838 4331 2083 4408 interlucenti-

47 4447 286 4520 roluntatem.
335 4433 530 4507 Scioenim
545 4455 620 4502 uon
636 4429 946 4520 flagitarianobis
962 4455 1045 4523 per.
1095 4429 1358 4510 bmiciniim„
1382 4443 1476 4504 gem
1491 4431 1560 4502 ,133
1574 4431 1667 4502 ruff,
1681 4445 1751 4513 m,
1776 4433 1844 4502 ,lia
1862 4429 2052 4508 dumeta·

49 4539 436 4624 ieetaedortrinaeaut
452 4531 673 4628 eloquentiae
689 4531 886 4622 specimen,
910 4536 970 4602 sed
986 4533 1047 4603 iu·
1195 4527 1292 4602 llaec
1317 4531 1425 4602 verba
1455 4531 1505 4602 sic
1529 4531 1732 4622 intelligunt
1757 4536 1945 4623 nonnulli,
1980 4537 2082 4628 quasi

50 4653 178 4726 stituta
201 4657 254 4716 est
273 4637 490 4712 conseretudo
518 4633 794 4706 exercendorum
818 4632 1043 4724 ingeniorum
1095 4629 1235 4704 Plinius
1257 4631 1374 4704 nullas
1396 4631 1570 4704 existimet
1586 4656 1716 4702 massas
1735 4649 1916 4724 argenteas
1933 4659 2082 4727 peraeae

48 4775 171 4828 ausa.
220 4744 342 4835 Quare
356 4735 523 4808 convenit
544 4758 608 4806 suo
623 4757 788 4828 quenque
803 4733 882 4806 loeo
899 4758 1043 4828 operam
1094 4733 1203 4808 nasci.
1253 4733 1405 4804 Addunt
1426 4733 1597 4823 amplius,
1627 4747 1765 4804 tantum
1787 4736 1825 4806 in
1841 4731 2081 4810 hisBohemi-

48 4855 216 4932 conferre
237 4845 282 4918 ad
305 4839 586 4914 conservandum
608 4830 704 4906 hunc
723 4857 870 4912 mamm.
927 4833 1044 4908 Viris·
1094 4835 1144 4906 cis
1163 4835 1345 4906 montibus
1371 4833 1518 4926 reperiri
1540 4857 1672 4905 massas
1692 4849 1891 4926 argenteas,
1922 4862 1987 4930 per
2008 4863 2082 4912 κω

46 4962 120 5032 sim
139 4965 192 5024 est
205 4941 437 5020 humanitatis
452 4953 607 5024 restrac,
630 4951 671 5008 ut
685 4936 823 5024 soletis,
848 4960 914 5010 nos
929 4961 1043 5032 aequo
1092 4949 1213 5022 natas,
1237 4935 1322 5006 alibi
1340 4959 1415 5006 uon
1430 4935 1589 5028 reperiri.
1641 4935 1747 5026 Quod
1763 4937 1793 5008 si
1812 4937 1860 5008 ita
1875 4953 1948 5024 eat,
1977 4943 2081 5014 venis

47 5059 175 5134 tulum
192 5047 328 5123 fludlff·
1094 5039 1210 5110 danda
1233 5049 1285 5107 est
1307 5035 1446 5122 Plinio,
1480 5035 1543 5132 qui
1573 5051 1711 5108 nostras
1740 5061 1847 5108 venas
1876 5063 1950 5112 uon
1979 5043 2082 5118 vidit.

153 5151 203 5226 Et
217 5147 388 5246 quoniam
402 5141 494 5212 alius
507 5137 576 5212 alis
593 5141 637 5208 da
654 5161 693 5208 re
708 5129 767 5208 bic
780 5137 952 5230 disputat,
977 5161 1043 5230 ego
1092 5139 1163 5212 Sed
1179 5162 1244 5210 uos
1260 5137 1414 5208 vidimus
1429 5162 1448 5208 e
1461 5135 1613 5229 Carpato
1627 5152 1748 5208 moute
1764 5139 1887 5210 allatas
1901 5143 2081 5215 candidis·

45 5263 137 5362 quia
150 5257 216 5328 diu
229 5246 364 5322 inlocis
378 5267 547 5314 venarum
557 5240 909 5325 metallicammriri,
933 5265 1042 5334 quae-
1091 5240 1198 5314 simas
1218 5261 1367 5359 massas,
1398 5240 1467 5310 filis
1489 5239 1590 5334 quasi
1607 5239 2082 5360 artificismanudistiuctis.

45 5367 204 5438 ,tionem
236 5355 282 5424 de
305 5345 496 5422 Metallicis
531 5343 637 5414 rebus
665 5363 863 5434 proponere
890 5343 1042 5416 decrevi.
1091 5339 1220 5414 Narrat
1233 5337 1391 5422 lerus,
1414 5341 1502 5412 adeo
1517 5339 1703 5432 opulentas
1716 5341 1824 5412 luisse
1839 5339 2082 5437 Hispanorum

42 5465 116 5544 Eia
136 5459 235 5534 enim
255 5465 290 5526 et
313 5445 401 5522 baec
423 5469 505 5543 pars
519 5439 689 5540 Physicae
710 5465 932 5540 nequaquam
955 5469 1041 5516 con.
1091 5465 1216 5532 renas,
1242 5455 1282 5514 ut
1305 5439 1489 5514 Hannibal
1510 5435 1677 5514 babuerit
1693 5465 1736 5514 ex
1750 5467 1824 5514 uno
1840 5457 1946 5538 puteo
1960 5447 2081 5542 qnoti-
