4686 6172
125 1041 129 1048 ·
243 1020 309 1090 ties
326 1019 396 1090 late
410 1019 532 1108 vagari
547 1031 771 1110 contemptus
786 1018 995 1111 disciplinae
1017 1019 1149 1111 coepit,
1175 1031 1231 1088 to·

238 323 317 406 eto
376 393 380 398 .
689 321 1005 422 auLoQutA
1054 327 1131 406 ET
1181 323 1417 404 BREVES
1468 321 1825 403 conclusus,
2203 321 2280 398 940

243 529 352 626 quam
368 499 527 596 hospites
541 503 581 577 in
597 504 755 598 ignotam
768 505 935 590 domum,
961 504 1025 576 ubi
1046 504 1152 576 multi
1176 503 1234 574 iu·
1283 517 1420 574 vestras
1441 503 1621 576 rationem
1637 499 1714 573 Deo
1735 495 2031 592 redditurosjssse
2045 512 2278 574 mementote.

245 602 431 679 ordiatures
447 620 543 682 sunt.
594 603 732 678 Multos
754 629 876 676 saevos
897 597 1015 678 hostes
1037 596 1145 678 habet
1167 630 1234 676 na·
1281 603 1378 678 Dixi.
1726 651 1729 658 ι

242 725 325 783 tura
349 705 518 782 hominis.
569 702 643 780 Nee
666 709 743 780 sine
759 699 836 780 Deo
860 723 976 804 potest
1000 733 1074 780 esse
1094 710 1235 780 ineolu·
1623 703 1750 780 Recita
1765 703 1918 778 Statura.

244 814 326 888 mis.
378 801 429 884 Ut
446 812 556 902 igitur
573 813 667 884 adsit
681 812 783 883 vobis
795 809 911 899 Deus,
935 825 971 884 et
985 825 1147 904 protegat
1160 827 1235 897 vet,

242 916 361 988 videte
377 935 423 984 ne
438 911 658 986 contumacia
673 929 788 986 vestra
804 939 886 984 eum
906 915 1079 988 alienetis.
1131 913 1234 1004 Quo·
1528 912 1606 992 Post
1626 921 1798 991 homnem
1818 924 2030 990 domorum.

743 1121 751 1138 .
938 1121 947 1138 .
1386 1063 1586 1138 Audivistis
1602 1089 1710 1160 pauca
1728 1078 1931 1158 praecepta,
1957 1061 2018 1132 sed
2043 1088 2135 1158 quae
2156 1077 2277 1136 tamen

242 1123 308 1192 ties
336 1134 476 1192 secutae
508 1136 591 1192 sunt
622 1117 858 1214 imperiorum
891 1143 1029 1194 ruinae.
1086 1119 1235 1212 Semper
1284 1163 1323 1236 in
1354 1191 1491 1238 summa
1516 1169 1622 1239 vobis
1645 1192 1766 1238 cmm
1789 1165 2026 1258 regendorum
2050 1191 2214 1254 morum,
2245 1183 2279 1240 et

1285 1269 1494 1341 retinendae
1517 1267 1786 1365 tranquillitatis
1810 1269 2081 1354 commendant,
2106 1285 2142 1342 et
2169 1272 2279 1343 simul

1283 1373 1409 1444 iubent
1423 1371 1548 1444 audire
1566 1372 1682 1444 Deum
1703 1387 1888 1444 sonantem
1905 1397 2005 1444 suam
2023 1373 2157 1464 legem,
2185 1374 2280 1445 iuter

1283 1476 1440 1546 tonitrua
1466 1489 1501 1548 et
1528 1477 1669 1568 fulgura
1700 1500 1741 1546 ex
1769 1499 1858 1568 rupe
1883 1471 1998 1552 Sinai.
2033 1469 2104 1544 'ln
2133 1500 2175 1546 ea
2202 1477 2279 1569 lege

1283 1579 1643 1650 continenturomnia
1653 1573 1802 1650 honesta
1817 1577 1944 1660 officia,
1961 1597 2052 1673 quae
2067 1591 2121 1648 est
2135 1594 2280 1651 aeterua

1284 1695 1318 1751 et
1337 1679 1573 1752 immutabilis
1590 1675 1657 1752 Dei
1681 1676 1866 1765 voluntas,
1893 1681 2061 1774 patefacta
2083 1679 2215 1768 n'obis,
2241 1699 2277 1756 ut

242 1223 345 1317 prius
368 1225 462 1313 leges
487 1225 652 1309 urbium,
683 1247 791 1317 quam
813 1223 909 1294 muri
929 1221 1107 1296 delentur.
1161 1222 1233 1294 Sed

244 1320 370 1398 deletis
385 1325 542 1416 legibus,
568 1347 644 1398 non
658 1327 722 1397 diu
733 1341 830 1424 ¹stare
843 1326 1006 1412 moenia,
1032 1341 1068 1397 et
1090 1347 1233 1396 manere

242 1428 395 1522 imperia
411 1443 571 1521 possunt.
618 1427 715 1499 Haec
732 1429 842 1518 igitur
856 1451 959 1499 causa
975 1442 1047 1514 est,
1072 1453 1137 1500 cur
1150 1442 1234 1499 tan—

243 1545 300 1604 tos
315 1549 493 1602 successus
509 1527 638 1602 habeat
650 1529 813 1628 tyrannis
821 1529 992 1617 Tureica,
1017 1532 1100 1625 quia
1115 1533 1232 1621 legum

243 1635 443 1705 reverentia
458 1635 610 1706 extincta
624 1648 694 1721 est,
717 1648 879 1728 potentes
895 1633 1074 1705 licentiam
1090 1635 1160 1704 sibi
1176 1634 1233 1702 ni-

242 1737 313 1806 mis
333 1755 498 1827 magnam
519 1731 681 1824 sumunt,
714 1750 748 1808 et
769 1738 1064 1829 gubernationem
1089 1761 1231 1808 morum

242 1839 370 1932 populi
395 1859 540 1932 prom,
563 1842 759 1932 negligunt·
812 1839 1013 1910 Petulantia
1038 1839 1233 1910 iuventutis
1282 1783 1453 1904 spiamus,
1478 1809 1561 1854 vere
1575 1799 1611 1857 et
1627 1781 1851 1856 horribiliter
1859 1777 1975 1854 Deum
1992 1781 2097 1854 irasci
2114 1808 2202 1854 snae
2218 1811 2275 1856 vo-

241 1944 293 2012 ita
310 1944 452 2028 crescit,
466 1957 506 2014 ut
520 1944 695 2014 moderati
712 1967 813 2012 senes
827 1965 902 2012 non
918 1944 995 2012 sine
1012 1965 1152 2014 summo
1166 1945 1231 2012 do·
1284 1909 1333 1956 ⁰¹⁵
1356 1889 1674 1982 ⁰⁰⁰l⁰mpt⁰l¹b¹¹⁸'
1733 1878 1782 1958 El
1812 1901 1852 1957 ”l
1879 1909 2025 1980 Pf⁰¹⁸⁰⁵
2052 1889 2269 1979 ¹¹¹¹P⁰⁵⁵¹l¹le

242 2047 320 2116 lore
334 2046 491 2138 aspicere
513 2047 791 2118 adolescentium
817 2067 934 2116 mures
950 2046 1098 2137 possint.
1150 2041 1231 2137 Op·
1285 1985 1494 2162 esl’ffium
1513 2015 1588 2060 ¹¹⁰⁰
1609 2015 1683 2060 ⁰⁵⁸⁹
1706 2004 1838 2111 ¹¹¹⁵le
1864 2003 1897 2108 ‘l
1922 2012 2101 2162 veffiffl
2132 2005 2185 2060 ¹¹³
2209 2017 2265 2110 ml'

242 2149 412 2240 primitur
427 2168 510 2239 ergo
527 2150 664 2243 reliqua
681 2145 826 2239 Europa
844 2145 1051 2219 crudelitate
1069 2146 1232 2221 Turcica.
1283 2115 1417 2264 p⁰⁵⁵h¹
1434 2106 1550 2211 ⁸.⁹⁸l’
1582 2115 1889 2268 essmf¹⁰l¹b¹r³⁵3
1907 2115 1965 2263 ἓῖῗ
1980 2117 2019 2162 ⁰¹
2060 2115 2103 2161 ¹¹⁸
2127 2107 2272 2214 ‚mm

243 2251 313 2322 Sed
335 2251 366 2320 si
391 2251 500 2322 vultis
520 2246 586 2320 has
608 2265 725 2321 tantas
746 2248 961 2320 calamitates
977 2249 1151 2340 mitigari,
1176 2273 1233 2319 re·
1284 2189 1366 2284 (2⁰⁰
1418 2220 1513 2264 emm
1537 2209 1755 2287 ⁶⁰⁰⁰g¹⁰m¹
1782 2219 1861 2265 Μ
1946 2220 2020 2265 ¹⁰¹⁰
2035 2209 2179 2288 ΨΜ
2204 2221 2273 2267 ⁰⁰¹¹

268 2353 277 2370 .
600 2353 609 2370 .
795 2351 804 2368 .
1128 2351 1137 2368 .
1203 2354 1212 2372 .
1283 2319 1366 2365 suae
1387 2311 1535 2368 naturae
1564 2299 1778 2386 mutatione,
1806 2323 1846 2368 ac
1871 2291 2055 2368 oblivione
2083 2295 2162 2368 irae
2194 2323 2273 2370 suae

243 2365 314 2444 gite
327 2371 444 2478 mores
459 2349 666 2472 modestius,
682 2366 716 2423 et
731 2365 877 2472 excitate
892 2375 956 2422 vos
971 2353 1028 2422 vel
1044 2353 1234 2423 mediocri·
1283 2394 1417 2490 parcit,
1443 2402 1504 2470 sed
1524 2397 1748 2494 quiaeffudit
1773 2401 1861 2470 iram
1885 2400 1924 2470 in
1944 2395 2069 2470 filium·
2124 2400 2277 2494 Propter

242 2456 554 2628 &raddmlnme
577 2468 768 2575 emmim
784 2477 951 2528 ‘'mm''
1003 2451 1150 2526 cmm
1170 2467 1233 2542 ω’
1284 2515 1424 2572 tautum
1441 2504 1655 2596 placatorem
1671 2527 1782 2593 genus
1795 2499 1992 2574 humanum
2010 2503 2154 2596 recipit.
2179 2502 2275 2575 Haec

279 2558 601 2678 eumvobsssaltem
612 2557 772 2652 publicas
786 2579 918 2650 poenas
936 2559 1130 2628 leniturum
1147 2579 1232 2666 esso.
1283 2598 1477 2695 “mimum
1506 2596 1551 2676 de
1584 2604 1637 2680 ira
1663 2601 1735 2678 Dei
1785 2620 1819 2678 e,
1848 2631 1925 2674 eam
1961 2629 2042 2675 me
2075 2605 2272 2692 timeamus,

243 2657 327 2731 ΝΜ
347 2661 480 2780 “ima
503 2675 674 2780 ‘mplu'l‘
700 2674 771 2742 ‘sl'
805 2674 962 2780 ”imm
989 2681 1063 2730 ⁰⁸⁸⁰
1091 2661 1234 2782 multos,
1282 2705 1490 2800 praesertim
1515 2733 1596 2779 cum
1617 2732 1684 2779 nos
1706 2661 1865 2800 teinpora
1882 2707 2112 2784 admoneant.
2165 2707 2275 2782 Vide-

243 2776 285 2833 m
299 2759 507 2849 Damelem’
535 2761 738 2848 Immmm’
764 2778 798 2834 εἰ
815 2759 921 2884 ihm’
947 2787 1028 2884 ⁰¹¹¹?
1038 2761 1233 2884 Babyl⁰⁰l¹
1283 2809 1329 2881 tis
1347 2808 1445 2900 signa
1461 2809 1536 2882 irae
1555 2805 1643 2897 Dei,
1668 2807 1887 2884 atrocissima
1902 2810 1997 2882 bella
2013 2803 2053 2884 in
2073 2807 2276 2886 Pannoniis

244 2879 445 2936 “merent
470 2864 736 2986 ler⁰⁸⁰lyi⁰⁸lm
790 2865 849 2938 sm
873 2889 954 2986 “lul
972 2864 1078 2938 Tm„
1101 2863 1234 2988 ΜΨ
1284 2907 1470 2986 etGalliis.
1514 2911 1563 2986 Ut
1578 2911 1689 3007 igitur
1702 2913 1798 2986 Deus
1812 2906 1951 3006 mitiget
1966 2937 2117 3008 poenas,
2147 2930 2183 2987 et
2198 2941 2276 3010 par-

243 2987 326 3066 eam·
347 2982 487 3060 postea,
512 2963 708 3039 Christiani
733 2982 948 3059 praemonstr
975 2966 1233 3061 abApostol1s‚

270 3069 279 3088 ,
495 3071 505 3088 ,
1284 3029 1338 3085 cat
1353 3013 1479 3107 uobis,
1505 3015 1597 3088 serio
1620 3015 1665 3088 ab
1681 3015 1760 3110 ipso
1776 3029 1955 3110 petamus,
1979 3031 2013 3088 et
2033 3039 2118 3100 ,eum
2138 3018 2275 3090 ilcetere

242 3073 481 3145 d¹⁸⁰⁰⁵⁸⁰m¹¹²
493 3096 533 3140 ¹¹¹
547 3069 683 3142 Pessm
698 3071 825 3141 urbem
839 3071 933 3142 ”¹¹⁸³
951 3069 1150 3146 l⁰fd³⁰m
1180 3070 1232 3144 Μ
1283 3119 1328 3187 ad
1345 3117 1626 3192 misericordiam
1643 3133 1763 3192 nostra
1786 3119 1957 3191 modestia
1979 3134 2014 3191 et
2039 3119 2177 3212 pietate
2207 3138 2278 3195 stu·

1283 3223 1446 3306 deamus,
1474 3220 1566 3294 sicut
1579 3221 1749 3316 scriptum
1767 3235 1837 3292 est:
1865 3217 2132 3296 Convertimiui
2152 3223 2278 3312 adme,

1283 3337 1318 3394 et
1335 3346 1398 3414 ego
1418 3338 1606 3396 convertar
1618 3323 1661 3395 ad
1681 3349 1753 3394 vos.
1806 3317 1885 3396 Oro
1904 3339 2022 3395 autem
2040 3337 2117 3396 toto
2138 3341 2277 3418 pectore

1282 3425 1398 3496 Deum
1423 3439 1605 3498 aeternum
1620 3441 1755 3519 patrem
1768 3421 1919 3498 Domini
1933 3423 2047 3500 nostri
2066 3421 2155 3500 lesu
2172 3425 2277 3502 Chri-

1281 3529 1347 3614 sti,
1362 3529 1583 3600 conditorem
1601 3531 1761 3602 omnium
1780 3555 1900 3600 rerum
1922 3543 1959 3602 et
1973 3547 2277 3616 conservatorem,

1283 3656 1364 3700 cum
1396 3631 1470 3701 blio
1504 3657 1569 3703 suo
1603 3647 1809 3718 coaeterno,
1845 3629 1999 3704 Domino
2032 3647 2162 3706 nostro
2195 3635 2275 3704 lesu

1280 3725 1442 3820 Christo,
1476 3749 1512 3805 et
1530 3732 1668 3828 Spiritu
1693 3750 1832 3820 sancto,
1858 3731 2016 3808 uthans
2040 3727 2217 3808 sabotam
2243 3751 2278 3808 ct

1281 3833 1443 3929 politiam
1459 3852 1573 3910 servet
1590 3853 1624 3910 et
1640 3853 1747 3930 regat·
1798 3833 1896 3910 Dixi.

242 3174 283 3244 in
297 3174 424 3243 mediis
437 3175 600 3255 excidiis,
627 3186 746 3244 tamen
761 3174 904 3266 piorum
917 3196 993 3243 uon
1007 3173 1232 3246 obliviscitur

244 3274 356 3348 Deus.
408 3273 505 3348 Haec
520 3277 591 3346 iam
610 3275 650 3346 iu
671 3272 779 3348 tantis
801 3278 1016 3348 tumultibus
1039 3271 1137 3347 orbis
1158 3291 1232 3348 ter·

243 3401 365 3450 rarum
381 3401 482 3470 saepe
503 3379 729 3472 multumque
746 3379 899 3468 cogitare
918 3380 1123 3471 praesertim
1149 3403 1233 3450 eru-

244 3482 340 3552 ditos
361 3483 478 3568 decet,
504 3482 568 3576 qui
588 3503 709 3552 causas
731 3477 970 3554 humanarum
992 3481 1230 3554 calamitatum

245 3581 453 3674 diligentius
478 3577 702 3654 considerare
726 3582 884 3670 debent,
900 3607 1006 3678 quam
1023 3585 1171 3670 caeteri,
1196 3598 1232 3657 et

245 3706 328 3756 vera
345 3688 500 3757 rernedia
516 3709 697 3781 quaerere.
748 3685 821 3758 Nec
835 3685 954 3756 inanis
971 3701 1022 3759 est
1043 3682 1130 3758 haec
1146 3687 1231 3758 dili-

245 3789 382 3878 gentia,
395 3803 437 3862 ut
451 3789 608 3860 fortassis
625 3789 739 3884 aliqui
753 3783 861 3860 nimis
873 3791 1005 3862 feroces
1018 3791 1231 3864 existimant.

246 3889 315 3962 Sed
342 3892 506 3962 salutaris
527 3891 594 3962 crit
613 3893 717 3962 vobis
739 3906 777 3964 et
802 3893 892 3968 aliis.
943 3891 993 3964 Ut
1015 3893 1111 3963 enim
1133 3891 1230 3964 Deus

246 4006 392 4084 propter
405 3990 599 4066 Ecclesiam
622 4007 739 4066 servat
757 3992 927 4087 Imperia,
953 3995 1000 4066 ita
1021 4017 1124 4088 saepe
1147 4019 1230 4088 pro-

246 4109 325 4188 pter
361 4085 555 4186 paucordm
579 4095 746 4188 pietatem
776 4097 860 4167 totis
881 4098 1083 4168 civitatibus
1105 4099 1230 4192 parcit.

246 4196 421 4288 Magnum
444 4199 554 4290 igitur
572 4200 728 4270 fructum
760 4201 905 4292 capietis
938 4213 1073 4272 vestrae
1106 4203 1229 4271 mode·
1294 4197 1361 4276 No.
1381 4201 1439 4274 19.

247 4301 351 4372 stiae:
379 4323 419 4370 ac
433 4301 621 4394 praecipue
636 4325 700 4372 vos
718 4296 945 4373 scholasticos
961 4303 1006 4374 ad
1025 4298 1111 4373 haec
1125 4325 1230 4396 prae·
1293 4298 1466 4329 *Ν
2097 4303 2278 4332 '⁹⁰'

246 4415 344 4494 cepta
359 4402 468 4475 vitam
485 4416 520 4474 et
534 4427 649 4475 mores
664 4403 817 4496 dirigere
831 4419 982 4498 oportet.
1034 4403 1116 4477 Non
1134 4407 1228 4476 enim
1352 4403 1384 4458 1¹¹
1401 4399 1514 4472 Quaen
1528 4401 1665 4458 19ῑᾶτο
1682 4401 1762 4460 editt·
1774 4421 1800 4475 e
1816 4403 1869 4458 ¹⁷⁴
1880 4422 1942 4477 ut·

244 4517 384 4597 putate,
422 4500 561 4576 scholas
584 4529 659 4577 esse
683 4521 880 4578 conventus
905 4510 1105 4581 ociosorum
1128 4510 1230 4580 iuve·
1282 4567 1331 4639 Or
1360 4569 1392 4638 t.
1439 4569 1472 4638 R
1496 4573 1534 4640 a
1584 4570 1592 4587 .
1637 4565 1671 4638 Α
1720 4559 1905 4638 (ΗΜ
2001 4574 2017 4638 t
2069 4567 2085 4640 ι
2158 4574 2168 4590 .

243 4631 350 4691 uum,
374 4607 573 4693 institutos,
597 4623 638 4682 ut
652 4609 705 4679 ibi
719 4611 881 4695 delicias,
906 4624 940 4681 et
961 4613 1066 4683 ludos
1082 4611 1229 4684 discant.
1333 4589 1357 4638 α
1378 4589 1413 4640 ⁸⁰
1474 4587 1494 4637 θ
1534 4587 1612 4638 Μ
1672 4588 1719 4638 “⁸
1830 4586 1917 4638 ’θ’
1949 4586 2039 4638 Μ
2086 4576 2283 4646 mmm

243 4707 368 4799 Longe
389 4709 462 4780 alio
484 4711 635 4781 consilio
655 4708 752 4782 Deus
772 4708 838 4782 hos
856 4728 976 4786 coetus
990 4714 1165 4800 instituit,
1190 4728 1231 4784 ut
1578 4677 1830 4760 ⁸l⁰l¹⁸l⁰m’
1859 4665 1970 4742 ¹⁵4²·

245 4811 318 4882 siut
342 4814 507 4884 custodes
530 4813 691 4884 coelestis
713 4814 916 4900 doctrinae,
942 4832 977 4889 et
998 4817 1148 4888 aliarum
1165 4819 1230 4888 bo·
1280 4806 1436 4892 Publice
1445 4817 1607 4912 quolibet
1621 4819 1780 4889 semestri
1797 4814 2037 4908 aMagistratu
2057 4813 2175 4890 liuius
2189 4819 2281 4892 Aca-

245 4935 373 4984 narum
398 4915 550 5000 artium,
584 4937 623 4985 ac
645 4915 853 5006 impertiant
872 4919 953 4989 aliis
974 4922 1119 4990 vivendi
1145 4941 1231 4990 nor·
1281 4921 1419 4992 deniae
1437 4922 1530 5012 leges
1551 4934 1585 4990 et
1596 4934 1725 4992 statuta
1743 4921 1885 4993 recitari
1902 4921 2037 5006 solent,
2063 4934 2106 4993 ut
2124 4917 2190 5005 bi,
2219 4925 2280 5020 qui

242 5039 359 5102 mam,
386 5031 421 5088 et
443 5018 670 5108 praeluceant
692 5019 884 5109 sapientia,
911 5037 945 5092 et
969 5023 1138 5113 exemplis
1157 5021 1231 5090 vir·
1282 5037 1384 5095 antea
1406 5048 1481 5093 non
1496 5023 1722 5107 audiverunt,
1747 5023 1898 5112 discant,
1923 5024 2054 5116 quibus
2079 5023 2280 5116 legibusiu

243 5119 339 5188 tutis.
392 5117 475 5188 Non
492 5117 570 5190 vult
585 5143 649 5190 vos
663 5121 873 5208 convenire,
898 5140 937 5196 ut
954 5121 1089 5194 ebriam
1106 5123 1230 5196 multi·
1282 5123 1348 5198 hac
1371 5121 1493 5196 schola
1516 5125 1635 5195 vivere
1654 5128 1818 5196 debeant.
1869 5123 2019 5220 Reliqui
2041 5140 2191 5212 autem,
2221 5129 2280 5224 qui

243 5221 406 5291 tudinem
424 5223 468 5290 ad
485 5217 617 5292 Bacchi
640 5247 757 5309 sacra,
783 5239 844 5295 aut
862 5227 962 5298 velut
975 5221 1172 5299 Centauros
1186 5229 1231 5297 ad
1282 5229 1470 5321 aliquoties
1486 5229 1558 5298 iam
1582 5229 1813 5316 audiverunt,
1839 5229 1969 5300 iterum
1993 5226 2047 5296 sui
2072 5229 2192 5302 officii
2220 5233 2279 5302 ad-

245 5323 463 5398 convivium.
513 5319 635 5414 Quare
659 5349 771 5414 genus
790 5328 970 5414 vitae,·'in
992 5332 1087 5423 quod
1114 5353 1133 5399 a
1156 5331 1231 5402 Deo
1281 5345 1508 5402 moneantur.
1551 5328 1675 5426 ltaque
1694 5344 1729 5401 et
1743 5355 1825 5422 ego,
1850 5355 1929 5402 cum
1947 5333 2077 5419 iungar
2092 5356 2200 5406 nunc
2215 5330 2280 5404 boc

245 5425 407 5498 collocati
426 5425 528 5513 estis,
553 5428 796 5512 considerate,
823 5443 857 5501 et
874 5453 938 5502 vos
960 5427 1068 5503 huius
1083 5431 1232 5502 militiae
1255 5495 1257 5506 ,
1281 5431 1514 5523 Magistratu,
1539 5433 1735 5505 convocavi
1748 5457 1829 5516 vos,
1853 5448 1894 5505 ut
1908 5428 2080 5504 audiretis
2100 5434 2204 5527 leges
2227 5461 2280 5508 rc-
2328 5485 2329 5517 ,

1254 5527 1394 5606 lcitari.
