4638 6172
76 311 146 391 6⁰5
718 321 727 336 '
823 313 1154 396 CARMINUM
1203 321 1311 402 LlB.
1335 323 1367 398 1.
2036 325 2112 418 6⁰6

77 487 391 582 luseratetpueris
406 491 550 584 pulcrae
566 490 711 563 virtutis
725 515 894 579 amorem,
1125 495 1271 575 Naso.
1768 509 1909 594 (torosos
1923 531 1970 572 an.
1986 505 2098 590 1525.)

121 589 223 680 Quos
238 595 499 664 commendavit
512 595 625 688 patria
640 591 745 666 chara
755 591 785 690 ²)
800 597 877 672 tibi.
1114 600 1284 628 Μ
1754 606 2110 648 W

75 692 212 788 Siquid
227 716 328 785 agam
342 697 491 786 rogitas,
517 697 620 784 vivo,
643 701 704 768 sed
718 699 815 771 lenta
832 701 997 792 gravedo,
1182 727 1213 782 ln
1227 726 1328 782 secane
1346 723 1448 797 imag.
1462 734 1489 780 es
1504 725 1533 779 tn
1548 741 1612 796 opp.
1624 721 1685 778 Bas.
1701 719 1787 784 w.
1803 739 1830 793 p.
1843 719 1905 778 est.
1940 717 2023 790 Apud
2037 716 2108 772 vtr-

120 795 203 868 Non
217 798 458 890 patiturvires
472 824 598 894 corpus
612 796 742 872 habere
757 826 849 878 suas.
1214 807 1288 854 ⁰⁶⁰¹·
1306 816 1333 868 Ρ·
1347 796 1406 852 ¹¹⁸·

74 897 148 994 lpse
162 913 281 970 tamm
296 925 428 996 quaero
444 903 551 996 longo
567 903 692 974 solatia
707 907 847 992 morbo,

119 999 387 1098 Assiduumque
403 1005 501 1094 levo,
527 1031 597 1102 qua
612 1007 693 1079 licet
709 1021 804 1090 arte,
831 1009 978 1082 malum.
1049 1015 1055 1028 ”
1242 1086 1246 1096 ,
1839 1103 1848 1122 ι
1869 1051 1872 1058 ’

71 1101 237 1200 Dumque
250 1130 334 1177 suos
349 1107 440 1180 alius
454 1133 579 1180 census
595 1134 792 1205 aurumque
807 1125 986 1204 repostum
1112 1113 1151 1186 Si
1167 1126 1267 1184 vacat
1282 1113 1448 1206 exiguum
1462 1133 1665 1204 percurras,
1691 1106 1797 1192 lona,
1823 1103 1998 1190 libellum,

118 1207 292 1280 Sollicitis
306 1211 434 1282 tacitus
447 1226 627 1306 computat
644 1214 819 1284 articulis:
894 1273 900 1286 ,
1162 1215 1246 1288 Non
1260 1219 1360 1307 longi
1375 1238 1519 1319 usuram
1532 1212 1702 1304 temporis
1717 1211 1779 1282 ille
1792 1209 1894 1284 leret.

70 1310 236 1406 Dumque
251 1310 388 1404 agitant
402 1315 464 1385 alii
478 1316 593 1388 multo
610 1317 773 1386 convivia
790 1310 943 1404 Baccho,
1112 1318 1195 1390 Non
1210 1343 1289 1390 mea
1303 1331 1459 1388 mercato
1476 1317 1604 1386 viciata
1618 1313 1734 1412 oratio
1748 1314 1832 1384 luco
1846 1323 1909 1395 est,

118 1410 167 1485 Et
181 1415 246 1484 tali
265 1431 396 1506 cogunt
409 1418 455 1488 ad
469 1443 658 1490 numerum
675 1419 816 1492 bibere:
1163 1421 1395 1516 spectarique
1412 1445 1476 1492 suu
1492 1420 1589 1489 nuda
1604 1418 1723 1488 colore
1740 1414 1849 1506 cupit.

70 1513 168 1587 Fallo
185 1518 284 1588 domi
299 1541 428 1611 parvos
443 1521 537 1592 inter
548 1521 641 1592 mala
657 1523 774 1594 taedia
793 1523 935 1610 amicos,
1111 1523 1199 1596 Pars
1214 1541 1266 1598 est
1281 1521 1367 1594 haec
1381 1523 1498 1594 laudis
1510 1522 1696 1615 quaedam,
1721 1515 1919 1596 melodice,
1945 1509 2107 1606 Namque

115 1615 163 1691 Et
177 1643 307 1712 pueros
322 1622 434 1709 inter,
459 1625 635 1710 carmine,
661 1621 767 1712 lane,
794 1650 903 1696 meos.
1163 1627 1203 1702 Si
1219 1652 1288 1723 qua
1304 1621 1399 1696 nihil
1413 1625 1520 1696 facies
1535 1621 1622 1694 lona
1638 1623 1728 1708 olet,
1755 1616 1843 1692 haec
1858 1621 1949 1688 bene
1964 1615 2047 1734 olet.

68 1717 114 1791 Et
129 1723 268 1816 quoties
285 1723 375 1794 lidos
391 1727 545 1798 celebrat
562 1751 638 1796 mea
655 1725 761 1798 Musa
780 1730 928 1814 sodales,
1029 1769 1032 1782 ·
1112 1729 1183 1804 Sed
1202 1731 1233 1802 si
1246 1743 1366 1802 nostra
1382 1729 1451 1801 tibi
1465 1728 1632 1811 sordent,
1655 1725 1879 1816 formamque
1894 1739 2058 1839 requffls,

117 1823 162 1894 ln
177 1837 301 1897 nostro
315 1842 451 1920 partem
469 1829 626 1900 carmine
642 1827 748 1901 lanus
762 1826 883 1904 habet.
1168 1832 1270 1924 Quae
1286 1833 1376 1904 nitet
1393 1843 1560 1914 externo,
1585 1829 1813 1920 luxuriatque
1829 1819 1966 1894 habitu.
2008 1921 2017 1939 .
2089 1863 2094 1878 ·

68 1924 176 1998 Plura
192 1951 256 2020 ego
274 1953 349 2000 non
365 1933 465 2022 potui
481 1934 552 2003 iam
568 1933 740 2020 scribere,
767 1934 866 2016 vive,
890 1933 1050 2028 valeque,
1111 1933 1161 2006 Et
1175 1938 1290 2028 legere
1304 1937 1370 2004 ista
1389 1934 1503 2027 piget,
1530 1933 1664 2002 librum
1679 1924 1770 2000 mihi
1785 1949 1914 2044 quaesp
1930 1933 2082 2005 remitte,

118 2029 244 2125 Teque
260 2057 386 2124 precor
400 2048 538 2122 vatem,
560 2029 721 2122 Christe,
747 2051 845 2109 tuere
862 2050 975 2111 tuum.
1164 2038 1547 2130 Quaerenduslector,
1568 2034 1627 2106 cui
1641 2034 1842 2126 placeamus
1856 2040 1934 2098 erut.

1386 943 1389 948 ’
1472 957 1532 1031 Au
1563 961 1746 1052 donam.

1125 2383 1191 2456 No.
1214 2379 1277 2457 67.
1766 2373 1965 2471 (fortassean.
1984 2369 2095 2451 1525.)

71 2445 230 2574 Q
781 2465 859 2548 <fere
873 2490 921 2535 aa.
939 2467 1049 2550 toas.)
1119 2479 1292 2510 ww
1751 2465 2108 2514 sav-2

843 2619 848 2626 '
1183 2605 1215 2659 ln
1235 2602 1335 2674 larrag.
1348 2596 1469 2662 Seres-iis
1488 2613 1553 2668 opp.
1570 2595 1633 2650 llas.
1645 2592 1679 2647 Τ.
1691 2589 1724 2646 V.
1740 2607 1766 2662 p.
1779 2587 1839 2643 set.
1884 2579 1965 2654 Apud
1979 2576 2105 2632 Vincerat.

135 2673 324 2816 equdussssecer.
344 2684 370 2730 et
389 2675 419 2730 in
441 2695 506 2750 opp.
522 2677 584 2735 Bas.
597 2681 630 2738 T.
642 2683 678 2739 V.
690 2702 717 2754 p.
732 2683 792 2740 350,
834 2688 914 2758 Apud
932 2690 1059 2750 Vinum·
1213 2691 1240 2744 p.
1254 2671 1313 2726 tou.

1477 2823 1539 2899 Ad
1569 2831 1740 2898 ronam.

1113 2985 1286 3058 Adfertur
1302 2980 1423 3073 digitis
1438 2977 1570 3050 nostris
1584 2973 1652 3048 tibi
1668 2967 1831 3064 Epistola
1847 2962 1989 3056 scripta,

71 3056 319 3148 NullaVenus,
342 3063 436 3134 nulli
450 3080 533 3137 suut
547 3081 671 3139 nostro
685 3069 725 3138 in
741 3073 897 3144 carmine
910 3099 1060 3159 amores,
1164 3086 1284 3179 Quam
1298 3083 1421 3158 iuveni
1435 3081 1533 3154 misit
1547 3074 1662 3149 Thais
1676 3073 1788 3146 amica
1803 3093 1879 3141 suo,

115 3161 236 3252 Quam
252 3189 392 3252 Velim&
418 3192 463 3237 ¹¹0
479 3169 526 3240 sit
541 3195 622 3242 vere
639 3171 690 3242 lbi
705 3173 805 3244 nulla
823 3173 959 3253 Venus.
1113 3189 1183 3262 lsta
1199 3192 1273 3280 lege
1288 3204 1406 3260 tamen
1421 3185 1535 3278 capies
1552 3179 1758 3260 suavissime
1772 3173 1873 3257 lona,

1161 3291 1212 3364 Ut
1227 3291 1311 3362 latia
1327 3289 1433 3360 lacias
1449 3282 1591 3357 Thaida
1609 3307 1692 3354 voce
1708 3277 1820 3373 loqui.

1112 3395 1221 3468 Forte
1236 3396 1335 3464 nefas
1348 3389 1449 3462 ducis
1463 3414 1544 3460 cum
1561 3400 1675 3458 scorto
1691 3384 1817 3454 ludere
1832 3375 1935 3460 lona,

282 3493 286 3501 Ι
1162 3495 1267 3570 Casta
1281 3495 1364 3590 quia
1381 3495 1421 3562 in
1436 3491 1577 3584 templis
1592 3512 1689 3560 sacra
1705 3488 1833 3558 docere
1848 3477 1952 3551 soles.
2075 3570 2084 3586 ·

89 3562 154 3638 Μ’
169 3561 234 3640 55⁶
786 3584 865 3666 (lere
881 3587 940 3649 ¹¹⁰⁰
954 3587 1060 3662 ‘md
1112 3599 1227 3676 Crede
1242 3594 1355 3684 mihi,
1380 3597 1443 3666 illa
1456 3617 1595 3687 gregem
1613 3617 1694 3663 curn
1708 3585 1826 3682 pinxit
1839 3585 1943 3654 docta
1957 3569 2097 3669 Lycaei,

76 3662 245 3691 Μ
1163 3701 1218 3775 De
1234 3702 1353 3794 parvis
1365 3699 1494 3771 atomis
1509 3699 1574 3790 qui
1589 3695 1698 3787 impia
1714 3690 1806 3762 bella
1824 3694 1960 3756 movet:

134 3779 165 3836 ¹⁰
185 3780 286 3854 ‘'m‘'
301 3781 394 3841 ⁸⁰⁰⁶*
413 3795 441 3840 θ’
458 3783 487 3840 ⁵⁰
506 3803 571 3860 ⁰⁹⁹⁶
585 3785 646 3844 δ”·
660 3787 694 3844 Τ·
709 3789 742 3847 v·
754 3810 781 3866 Ρ·
794 3793 856 3850 ³⁵⁰·
893 3797 974 3869 ΛΡΜ
989 3798 1060 3854 vin.
1111 3804 1324 3880 Perstrinxit
1338 3803 1454 3873 fucata
1471 3801 1577 3871 etiam
1592 3799 1720 3890 pietate
1734 3790 1932 3880 magistros.

164 3861 239 3908 ‘ab
258 3871 287 3926 p.
301 3853 359 3908 m·
1163 3909 1287 4000 Turpe
1304 3907 1436 4001 quibus
1448 3903 1585 3974 iaciunt
1600 3898 1745 3970 vendita
1760 3915 1856 3966 sacra
1873 3890 2024 3959 lucrum.

429 2906 489 2982 Ad
514 2911 697 2988 Amicum.
818 2853 825 2864 ι

429 4015 488 4088 Ad
519 4022 690 4096 Ionam.

1109 4093 2096 4140 ....-...--------------τ···-··“““

67 4163 233 4238 Carmim
250 4189 287 4238 es
300 4192 405 4240 ausus
421 4167 498 4240 heri
513 4173 616 4244 nohis
633 4178 840 4268 promittere
857 4179 956 4273 Iona,
1135 4235 1168 4306 N
1213 4233 1263 4306 53
1832 4225 1973 4303 (farem.
1990 4215 2102 4292 1525.)
2137 4191 2139 4200 ’

115 4269 266 4360 Qualia,
289 4271 323 4340 si
339 4287 480 4364 rumpat
495 4298 531 4346 se
547 4273 638 4348 Geta
647 4270 704 4368 *),
727 4283 826 4354 nulla
842 4287 937 4360 facit.
1116 4262 1289 4362 Ji,-
1824 4297 2095 4349 ⁴⁸⁸⁶·-

64 4371 134 4444 Sed
152 4397 244 4468 quae
259 4373 316 4444 vel
332 4375 490 4468 lepidum
508 4379 627 4451 deceat
644 4380 768 4454 lusisse
785 4383 985 4480 Tibullum,
1180 4435 1212 4491 1,
1224 4434 1361 4508 sm„
1373 4435 1464 4492 secer.
1478 4443 1505 4490 ,ι
1517 4434 1546 4487 p„
1558 4449 1623 4504 099,
1635 4429 1698 4484 un.
1708 4425 1742 4479 Τ.
1752 4423 1787 4480 v.
1799 4441 1828 4496 p.
1840 4419 1903 4478 ast.
1938 4413 2018 4490 apat
2032 4412 2101 4466 vta.

116 4473 262 4565 Quaeve
278 4477 347 4550 sibi
362 4475 495 4550 Statius
510 4481 666 4554 vindicet
682 4485 744 4556 ille
759 4501 852 4564 tuus.
1212 4515 1284 4562 cent.
1299 4526 1327 4578 p.
1341 4505 1401 4560 tot.

64 4576 163 4650 Falle
179 4579 264 4650 licet
278 4605 424 4650 coenam
440 4582 579 4676 quoties
595 4588 813 4672 condixeris,
840 4593 900 4664 isti
1677 4613 1683 4643 t

114 4679 267 4753 Delitiae
282 4679 463 4755 stomacho
482 4689 700 4760 conveniunt
716 4688 868 4766 Siculae.
1402 4669 1449 4738 ¹¹⁸
1473 4663 1624 4738 'wilm
1649 4665 1806 4734 ῘθΜθ·

68 4778 114 4854 Et
128 4809 206 4854 mea
221 4807 343 4857 mensa
359 4787 466 4858 salem
483 4800 633 4874 tantum,
659 4792 861 4890 siccumque
874 4800 1058 4874 cuminum
1108 4813 1203 4889 Huic
1218 4814 1324 4890 horto
1341 4819 1440 4892 cedet
1453 4817 1636 4910 Lipsiensis
1653 4815 1730 4883 iure
1746 4811 1882 4904 picena,

116 4885 312 4980 Proponit,
338 4905 460 4962 noster
474 4893 641 4986 quodque
655 4895 735 4966 olus
749 4892 874 4972 hortus
889 4894 1008 4982 habet.
1158 4919 1327 4994 Carmine
1342 4947 1448 5017 quam
1465 4919 1606 4994 Russus
1623 4915 1816 4988 nobilitare
1831 4908 1963 4980 studet.

70 4983 232 5060 Carmina
249 5015 323 5061 non
339 4993 444 5064 liceat
459 4995 630 5084 promissa
646 5021 775 5090 negare
790 5003 916 5090 sodali,
1110 5021 1177 5094 fflc
1191 5023 1373 5114 gravidam
1389 5025 1505 5118 pomis
1521 5024 1644 5106 ficum,
1662 5021 1845 5108 tantasque
1863 5025 2057 5103 cupre³⁵⁰⁸s

113 5089 277 5188 Namque
290 5095 391 5168 decet
405 5109 500 5168 vates
516 5099 687 5188 candida,
713 5105 834 5188 crede,
862 5105 958 5180 fides.
1157 5125 1359 5218 Purpureas
1372 5129 1503 5212 violas,
1526 5145 1632 5196 aurea
1647 5121 1741 5190 mala
1757 5115 1861 5210 parit·

1106 5225 1250 5300 Caetera
1268 5231 1354 5324 quid
1371 5232 1539 5314 reseram,
1565 5228 1680 5314 largas
1693 5234 1820 5292 natura
1838 5215 1990 5304 benigne

99 5321 129 5385 Ὁ
147 5323 251 5386 arara]
267 5321 325 5378 ⁸²⁸·
339 5341 416 5378 eura.
1156 5329 1269 5404 lluris
1283 5357 1368 5423 opes
1383 5329 1489 5404 horto
1507 5329 1720 5420 divitiasque
1736 5321 1847 5392 dedit.
1882 5317 1890 5334 '

100 5407 447 5477 ⁸)(ieto]Virre.Ger·a,
475 5411 549 5482 quod
567 5411 599 5465 ad
615 5409 787 5484 Erlordiam,
807 5417 844 5501 pd
861 5415 963 5474 Geram
976 5421 1065 5488 sitam,
1106 5429 1155 5505 Ep
1167 5447 1264 5506 meg
1279 5435 1364 5506 001st
1378 5433 1476 5506 hune
1493 5431 1618 5517 hep-ug,
1643 5427 1842 5519 invitatque
1857 5421 2074 5512 suequenler,
2117 5437 2122 5446 .

131 5486 282 5550 spectaret,
315 5479 388 5534 unde
415 5479 494 5534 lones
522 5489 636 5536 vocatus
660 5481 749 5540 suerat
769 5487 963 5562 Wrtebergam.
1008 5492 1064 5548 sed

132 5545 261 5619 praeiere
275 5547 363 5613 Geta,
381 5559 407 5604 et
421 5549 498 5604 Gara
511 5549 617 5605 ridetur
628 5571 687 5608 esse
699 5571 780 5610 error
794 5560 969 5632 typographi.
1155 5531 1189 5608 Ε
1203 5537 1322 5610 medlo
1340 5540 1460 5610 doctas
1475 5533 1546 5608 lluc
1560 5532 1733 5606 Helicone
1748 5527 1851 5602 Deas.
