4638 6176
66 278 134 354 ⁶13

66 445 107 520 At
127 440 291 538 qrramvis
306 439 412 514 urbes
430 435 549 510 satalia
570 447 727 526 tempora
742 445 896 518 mutant,

115 547 157 618 Et
178 547 316 616 coelum
335 542 448 634 patria
470 553 522 610 est
537 539 641 609 unica
658 539 757 604 firma
772 535 858 626 piis:

63 652 130 724 Hir
146 649 209 720 nbi
235 669 374 738 semper
396 644 462 712 erit
478 641 572 712 Deus
586 639 704 708 cronia
723 638 760 705 in
775 638 942 710 omnibns
956 637 1062 724 idern,

116 755 212 824 Luce
225 775 288 820 sua
306 760 441 816 mentes
458 743 661 835 iustitiaque
679 741 835 828 replens:

61 857 227 928 ll'lotibus
242 852 281 920 in
296 851 407 921 tantis
423 861 541 917 tamen
560 841 644 912 haec
662 843 802 931 Argelia
816 855 934 928 restat,

113 959 273 1028 Possidet
292 966 323 1021 et
341 954 447 1020 decus
463 942 531 1016 hoc
545 949 590 1016 de
606 945 765 1014 bonitate
780 939 859 1014 Dei.

61 1061 141 1132 Lux
162 1053 344 1145 Evangelii
362 1054 456 1146 qnod
474 1049 512 1117 in
530 1049 594 1118 ista
613 1049 788 1136 spargitur
803 1047 905 1130 urbe,

112 1162 205 1234 Cum
222 1184 289 1252 qua
309 1178 448 1245 semper
462 1153 559 1221 adest
576 1149 690 1219 Filius
706 1149 779 1238 ipse
792 1144 871 1216 Dei.

63 1265 170 1336 lstius
187 1257 245 1330 hic
259 1259 358 1328 urbis
373 1256 436 1328 Sol
453 1267 521 1336 est,
549 1247 606 1322 hic
620 1251 755 1340 colligit
769 1272 908 1337 agmen,

118 1364 276 1438 lustitiae
290 1361 407 1430 radios
422 1357 478 1427 cui
495 1357 555 1424 dat
568 1349 698 1433 habere
714 1376 807 1422 suae.

62 1471 184 1544 Donat
197 1481 232 1536 et
247 1477 409 1534 aeternae
426 1457 561 1528 cunctis
577 1455 718 1526 exordia
733 1456 836 1538 vitae,

118 1567 270 1643 lustilica
286 1563 465 1654 accipiunt
479 1559 540 1654 qui
557 1561 650 1628 bona
663 1571 759 1628 tanta
777 1557 858 1640 lide,

62 1675 133 1746 llic
148 1670 273 1765 populi
290 1670 404 1735 frenat
420 1665 537 1752 legum
553 1660 748 1730 reverentia
764 1679 892 1738 mores,

111 1774 160 1847 Et
176 1794 322 1844 censura
339 1767 454 1858 gravis
471 1764 587 1855 turpia
602 1763 691 1832 lacta
708 1773 816 1829 notat.

63 1881 169 1952 Adde
183 1879 278 1969 quod
296 1869 471 1941 imbuitur
484 1865 666 1935 doctrinae
681 1865 770 1932 lacte
790 1866 969 1948 luventas,

118 1979 160 2050 Et
179 1978 263 2065 legit
278 2000 297 2044 a
313 1995 452 2042 summo
468 1969 595 2038 tradita
615 1965 744 2056 scripta
759 1961 848 2036 Deo.

63 2083 161 2158 llaec
176 2077 307 2152 teucris
323 2073 452 2144 animis
467 2069 622 2139 ostendit
636 2068 740 2137 lectio
758 2061 952 2149 Chrismrn,

115 2181 164 2254 Et
180 2205 270 2250 nova
288 2175 471 2246 Virtutum
486 2172 619 2241 semina
637 2191 755 2261 sparsa
772 2168 877 2238 lovel.

65 2285 309 2376 Saxoniaeque
326 2278 462 2371 aliquot
479 2273 637 2344 Ducibus
659 2269 885 2340 nascentibus
899 2283 981 2341 ortu

122 2387 161 2456 ln
178 2386 290 2476 primo
306 2378 499 2471 hospitium
515 2375 634 2465 Torga
652 2373 753 2442 fidele
769 2370 878 2442 dedit.

63 2483 281 2560 Fridericus
294 2483 435 2576 sapiens
457 2479 619 2570 princeps
633 2471 699 2546 hac
719 2487 824 2544 natus
839 2473 877 2542 in
892 2476 981 2546 urbe
996 2488 1058 2562 est,

117 2587 319 2662 Promeruit
335 2583 465 2676 patriae
481 2580 541 2673 qui
560 2591 659 2669 pater
675 2601 748 2647 esse
762 2599 855 2644 suae.

64 2693 227 2768 Consilio
242 2689 358 2784 qualis
374 2687 501 2756 Nestor
514 2683 583 2750 tait
601 2681 694 2750 inter
712 2673 881 2755 Achivos.

117 2791 326 2867 Teutonicis
343 2789 494 2864 ducibus
509 2783 638 2853 Nestor
652 2795 686 2849 et
704 2781 769 2849 iste
782 2779 859 2846 fuit.

65 2897 209 2972 Etcum
226 2894 409 2964 doctrinae
427 2890 541 2958 lucem
556 2907 728 2954 renovare
746 2877 903 2959 botheri,

116 2999 277 3092 Cepisset
291 2993 430 3085 scriptis
447 2989 560 3059 Filius
580 2989 653 3080 ipse
670 2984 747 3056 Dei.

70 3103 173 3176 lstius
191 3101 301 3193 pietas
316 3109 426 3166 tutam
445 3105 478 3161 et
492 3089 687 3158 moderatio
702 3088 820 3178 sedem

117 3200 302 3276 Concessit
317 3195 442 3268 studiis
458 3196 559 3263 docte
572 3187 727 3260 Luthere
741 3187 821 3258 tois.

69 3307 224 3379 Nomina
239 3301 374 3396 quique
389 3310 484 3370 tenet
507 3293 635 3386 patris,
662 3291 848 3382 patruique
870 3280 1034 3354 Ioannes

119 3401 164 3478 F
159 3400 338 3477 aldericus
355 3400 495 3490 Torgae
515 3409 618 3465 natus
636 3395 673 3462 in
690 3417 767 3462 arce
784 3391 861 3463 luit.

68 3513 136 3584 Cui
154 3530 358 3606 quanquam
375 3500 504 3594 eripuit
521 3497 669 3592 patriam
687 3519 762 3564 sors
779 3515 899 3582 aspera
912 3488 1010 3568 belli,

117 3615 203 3684 Non
222 3607 343 3702 procul
362 3601 445 3674 hinc
460 3600 589 3672 Caesar
604 3623 683 3668 cnm
703 3621 765 3667 sua
781 3613 891 3663 castra
906 3593 1011 3675 locat,

69 3718 152 3790 Nou
171 3731 289 3786 tamen
308 3708 438 3800 eripuit
454 3705 620 3773 virtutem
638 3714 673 3770 et
689 3713 807 3791 pectus
825 3691 1024 3775 honestum,

124 3819 189 3902 Et,
217 3840 284 3908 qna
301 3809 418 3882 Gnate
438 3809 499 3877 Dei
517 3805 571 3874 'l'e
587 3806 670 3872 colit
687 3805 778 3891 ipse,
803 3801 919 3870 fidem.

70 3923 169 4012 Ergo
187 3935 218 3990 et
237 3914 369 3985 iudicio
387 3908 529 3978 victoris
545 3908 650 3995 digua
668 3905 787 3972 farore
802 3915 850 3969 est

124 4024 239 4114 lpsius
258 4018 388 4097 virtus,
413 4012 528 4080 nescia
549 4031 717 4099 mensque
734 4003 820 4074 doti.

69 4129 209 4220 Sponte
222 4147 284 4190 sua
303 4119 498 4188 libertatem
515 4111 576 4206 qui
594 4107 750 4178 reddidit
767 4105 845 4191 ipsi,

123 4225 202 4298 lloc
220 4235 392 4319 quantum
410 4219 517 4286 decus
534 4228 584 4282 est
599 4207 675 4280 Ian
692 4201 878 4276 Fridericc
893 4203 983 4274 tibi?

72 4329 134 4406 Ah
147 4331 291 4400 tandem
309 4317 499 4392 lachrimae
517 4317 661 4383 vineant
677 4312 804 4402 pietate
820 4307 980 4386 iluentes,

125 4431 173 4506 Ut
190 4426 364 4501 Dominae
379 4423 505 4492 reddas
521 4417 654 4508 optime
668 4407 809 4484 Christe
825 4410 953 4481 vinam.

73 4535 184 4610 Exilii
202 4549 395 4601 numerans
412 4547 501 4617 qnae
515 4522 584 4590 iam
603 4515 785 4585 contabuit
803 4533 928 4596 annos,

127 4629 287 4707 Dulichii
302 4629 458 4698 coniunx
475 4647 538 4693 ceu
560 4642 727 4710 generosa
744 4615 824 4685 viri.

75 4739 124 4813 At
140 4739 229 4807 vivit
245 4750 360 4804 tamen
379 4745 412 4799 et
431 4741 570 4817 superat
587 4725 689 4810 longe
709 4715 888 4798 lcariotiu,

126 4837 285 4913 Confidit
298 4845 436 4904 tantum
452 4851 535 4896 nam
552 4826 708 4895 bonitate
723 4835 795 4890 tua.

77 4945 203 5018 Redde
219 4951 353 5032 patrem
367 4931 468 5004 Natis
482 4929 531 4998 sic
545 4924 810 5018 expectantibus
825 4919 955 5010 ipsum,

130 5045 178 5120 Ut
196 5043 272 5111 vrrlt
286 5028 521 5108 Telemachus
536 5053 636 5122 posse
654 5029 774 5095 videre
791 5035 936 5114 patrem.

80 5149 154 5241 Qui
170 5147 327 5237 reliquos
342 5142 467 5210 iratres
483 5135 585 5203 anuis
607 5127 798 5221 praecedit,
823 5136 856 5192 et
874 5119 942 5210 ipsi

130 5245 297 5322 Nascenti
312 5239 506 5334 hospitium
523 5233 663 5324 Torgae
681 5231 782 5300 fidele
796 5225 905 5305 dedit.

81 5353 183 5427 llanc
200 5349 347 5430 urbem,
373 5356 553 5432 totamque
571 5357 670 5406 oram
694 5347 752 5402 tua
768 5332 907 5398 dextera
923 5332 1048 5402 servet,

129 5457 278 5546 Semper
293 5463 327 5520 et
344 5443 401 5517 hic
415 5457 554 5514 coetum
568 5439 693 5528 collige
710 5429 851 5506 Christe
867 5425 945 5500 tibi.

787 260 1115 346 cluntuutt
1166 263 1274 342 LlB.
1299 260 1386 344 Ill..

2025 263 2101 344 stt
2126 259 2129 266 ’

1860 439 2099 574 ‹m›

1104 431 1172 506 No.
1190 433 1278 506 261.

1106 527 1278 564 ψ

1175 633 1258 706 Apud
1275 631 1401 688 vincent.
1420 651 1447 703 p.
1461 633 1556 706 ttfisq.

1258 797 1305 864 lo
1319 789 1499 886 oppidum
1513 803 1550 866 et
1564 814 1693 866 ονοοοι
1712 799 1945 892 Torpensem.

1109 923 1213 997 Unde
1229 927 1274 998 sit
1290 921 1375 996 buic
1392 927 1492 1006 urbi,
1518 953 1682 1022 quaeres,
1707 924 1850 1020 Argelia
1868 955 2012 1019 nomen,

1158 1025 1266 1116 Quod
1285 1032 1329 1097 de
1344 1025 1529 1098 Phoebaea
1548 1027 1698 1100 Graecia
1718 1032 1796 1100 luce
1811 1028 1946 1104 trahit?

1107 1128 1158 1202 Ut
1174 1132 1327 1224 reliquas
1343 1133 1460 1202 stellas
1474 1133 1623 1221 fulgenti
1642 1135 1777 1204 lumine
1790 1136 1914 1220 vincit,

1159 1231 1261 1304 lium
1279 1247 1314 1303 et
1329 1235 1474 1305 adducit
1488 1233 1571 1318 Sol,
1598 1229 1804 1330 revehitque
1822 1238 1932 1308 diem:

1107 1333 1168 1406 Sic
1185 1350 1352 1427 superant
1365 1337 1498 1406 formae
1512 1337 1646 1406 vicinas
1662 1337 1740 1408 luce
1759 1341 1907 1428 puellae,

1159 1435 1257 1525 Quas
1273 1441 1359 1508 urbs
1375 1441 1420 1507 de
1436 1433 1571 1508 Phoebi
1590 1440 1724 1508 lumine
1740 1442 1833 1512 dicta
1854 1443 1958 1532 parit.

1107 1533 1275 1610 Attamen
1294 1534 1379 1609 haec
1394 1540 1509 1609 maior
1531 1539 1607 1610 laus
1624 1557 1693 1622 est,
1720 1543 1848 1632 pietate
1862 1547 1959 1638 quod
1980 1545 2075 1620 inter

1160 1639 1365 1734 Notitiaque
1382 1641 1470 1710 alias
1485 1643 1617 1715 eminet
1637 1645 1702 1714 ista
1719 1641 1798 1719 Dei.

1106 1737 1155 1814 Et
1170 1746 1230 1836 qui
1248 1743 1432 1838 Mysorum
1451 1747 1590 1836 populis
1605 1747 1690 1815 daut
1705 1747 1804 1816 mitia
1822 1748 1911 1834 iura,

1158 1843 1201 1916 ln
1220 1847 1293 1937 ripa
1313 1841 1376 1916 hac
1392 1846 1504 1935 posita
1521 1861 1571 1916 est
1586 1849 1737 1918 Albidos
1751 1851 1829 1918 aula
1846 1851 1998 1928 Dareum.

1106 1944 1204 2018 llaec
1221 1965 1280 2019 tua
1298 1961 1401 2038 gnate
1415 1945 1480 2022 Dei
1498 1949 1665 2022 defendat
1686 1952 1824 2021 moenia
1841 1955 1972 2038 dextra,

1158 2049 1306 2142 Semper
1322 2065 1356 2122 et
1373 2051 1411 2120 in
1425 2051 1558 2142 populo
1576 2047 1643 2121 hoc
1657 2053 1733 2122 laus
1749 2066 1807 2124 tue
1824 2079 1904 2124 vera
1920 2069 2032 2131 sonet.

1107 2386 1280 2510 NQ.
1934 2421 1984 2466 ru.
2004 2399 2099 2470 1552.

1178 2591 1286 2662 Scripta
1298 2587 1373 2662 publ.
1388 2585 1515 2645 Wltteb.
1529 2587 1550 2642 l.
1567 2607 1593 2662 p.
1604 2588 1665 2646 459.
1680 2601 1706 2645 et
1718 2593 1791 2666 apud
1806 2594 1934 2652 vincent.
1948 2616 1974 2670 p.
1988 2599 2047 2656 154.

1395 2751 1553 2822 Limites
1575 2752 1813 2829 emotae.

1304 2857 1468 2940 Philippus
1487 2855 1678 2922 Melanthon.
1715 2863 1779 2941 (an.
1796 2863 1908 2946 1⁵52.)

1104 2983 1233 3084 Ῥῆνος
1247 2983 1320 3059 ἀπὸ
1335 2979 1511 3082 ζεφύρου,
1529 2980 1751 3082 βιόόροιοόέ
1764 2991 1918 3086 ῥεῖθρον
1926 2987 1990 3065 ἄπ’
1999 2987 2100 3089 ἠοῦς,

1162 3083 1370 3183 Ιὲρμόνιυν
1397 3093 1590 3182 κρατερῶν
1610 3092 1724 3186 γαῖαν
1746 3088 1858 3186 ὁρίζει
1882 3090 1981 3190 ὅλην.

1106 3187 1292 3285 Ἐσχατιαὶ
1316 3187 1353 3263 d'
1379 3189 1502 3272 citasse
1522 3185 1717 3285 νιφόεοοαι
1741 3191 1833 3290 πρὸς
1856 3191 1970 3270 νότον
1989 3195 2101 3274 εἰσίν·

1156 3295 1213 3375 Ἐς
1233 3289 1374 3388 βορέαν
1396 3287 1565 3385 πόματος
1583 3291 1759 3386 (inissetis
1787 3293 1961 3380 ὠκεανός.

1110 3411 1262 3489 Rhenus
1277 3415 1322 3480 ab
1337 3435 1480 3495 occasu,
1507 3409 1630 3480 Viadri
1646 3415 1707 3482 sed
1723 3415 1856 3484 hermen
1871 3417 1916 3487 ab
1931 3433 2025 3507 ortu,
2134 3455 2140 3462 ·

1163 3515 1377 3588 Clauserunt
1394 3514 1481 3582 fines
1492 3512 1655 3588 Teutona
1671 3528 1763 3586 terra
1781 3533 1871 3593 tuos.

1112 3617 1310 3710 Aiiriaeque
1325 3614 1435 3707 Alpes
1449 3616 1618 3686 immotus
1636 3617 1736 3688 limes
1754 3623 1797 3688 ad
1816 3617 2000 3711 Anstmm,

1164 3720 1320 3790 Balticus
1335 3722 1376 3786 ad
1393 3715 1546 3788 Boream
1564 3720 1730 3790 terminat
1743 3747 1906 3793 oceanus.

1448 3909 1510 3974 vu
1531 3916 1592 3974 suo
1614 3899 1773 4002 moto'):

1113 4043 1164 4123 sic
1186 4037 1243 4135 ἠῶ
1261 4033 1436 4164 ρίαόρος,
1464 4035 1588 4134 (leison
1611 4037 1704 4136 πρὸς
1720 4035 1903 4135 βοόλετον
1923 4041 2050 4138 ὄχθαι,

1164 4167 1365 4242 pepererunt
1381 4148 1508 4236 χώρας
1528 4141 1693 4238 τέρματα
1717 4141 1793 4218 ἐστὶ
1818 4141 1913 4239 ὅλης.

1114 4243 1300 4341 οτηρίχθη
1326 4239 1362 4316 δ’
1382 4243 1487 4339 ἕρκος
1507 4241 1701 4340 νιφότσοαι
1717 4242 1810 4340 πρὸς
1823 4241 1945 4320 νόθον
1967 4246 2102 4336 diuers,

1165 4349 1201 4428 ἐς
1220 4343 1361 4442 βορέαν
1382 4341 1552 4440 πόματος
1572 4341 1756 4440 βόλθικος
1773 4341 1952 4431 ὠκεανός,

1186 4529 1217 4583 lo
1234 4525 1401 4644 sutoqrspbo
1422 4526 1488 4610 blet.
1510 4527 1537 4580 lo
1558 4525 1623 4609 0⁰3¹·
1644 4525 1728 4582 ltebd.
1745 4527 1904 4600 vastatae..
1933 4531 2102 4603 descriptum

1216 4615 1239 4651 ι.
1254 4598 1280 4652 S.
1316 4597 1481 4662 ,stratam
1500 4595 1565 4650 bees
1579 4613 1619 4650 sse
1636 4595 1779 4668 leguntur:

1115 4707 1180 4786 Εἲς
1200 4700 1256 4798 ἠῶ
1281 4697 1464 4824 βίαόρος,
1489 4703 1605 4794 ῥῆνου
1627 4697 1665 4774 δ’
1692 4699 1765 4774 ἀπὸ
1786 4701 1966 4796 βουλίτου
1988 4704 2104 4800 ὄχθαι

1167 4809 1374 4900 Ιέρμανιον
1390 4797 1518 4897 χώρας
1541 4797 1706 4896 τέρματά
1731 4805 1831 4878 ἐστιν
1854 4803 1950 4902 ὅλης,

1115 4904 1322 5002 Στηρίχθει
1343 4899 1381 4978 δ’
1399 4902 1514 4998 ἕρκος,
1540 4900 1739 5000 νοφόοοοαι
1759 4903 1851 5000 πρὸς
1868 4903 1980 4982 νότον
1996 4907 2105 4992 ἅλπες

1171 5012 1230 5091 Etr
1251 5003 1399 5102 Βορέαν
1419 5000 1589 5100 πόματος
1608 5005 1776 5101 βέλτικος
1794 5007 1969 5094 ὠκεανός.

1115 5125 1266 5204 Rhenus
1286 5127 1331 5194 ab
1345 5149 1489 5210 occasu,
1516 5123 1854 5218 Viadrusdisiungit
1874 5129 1919 5200 ab
1934 5142 2028 5216 ortu,

1168 5227 1358 5300 Teutonici
1373 5229 1478 5312 fines,
1504 5253 1574 5322 qua
1590 5241 1684 5320 patet
1699 5253 1780 5310 ora,
1804 5231 1884 5301 soli.

1150 5443 1182 5514 ⁸)
1203 5441 1276 5498 llaec
1290 5445 1396 5495 tantm
1411 5434 1490 5499 babet
1501 5433 1628 5580 §nqeue
