4608 6164
236 217 310 294 511

237 389 298 464 Sic
314 373 402 460 irata
418 383 500 478 pios
517 399 704 472 nunquam
722 373 867 444 fortuna
883 361 1086 464 revellet³),

291 488 331 561 Si
346 511 408 581 spe
423 488 592 558 nituntur
607 476 849 575 pollicitisque
864 472 932 546 Dei
941 466 983 568 ⁴).

991 187 1321 268 canumuu
1373 149 1478 264 tm.
1500 141 1529 268 1'.

2038 187 2041 194 ’
2165 201 2213 284 su

1289 363 1356 436 llle
1372 387 1452 436 suas
1468 365 1553 460 quia
1569 365 1703 458 spargit
1717 387 1820 458 opes,
1846 377 1882 438 et
1897 368 2007 440 donat
2017 371 2133 462 egenis:

1337 463 1500 540 Praemia
1515 469 1671 540 iustitiae
1687 492 1762 538 non
1778 467 1951 542 moritura
1966 471 2061 546 feret.

238 589 332 666 Ecce
348 591 449 662 vides
464 587 639 682 Solymen
651 579 872 678 qnaemoles
887 573 1039 647 cinxerit
1052 571 1179 642 urbem
1289 565 1339 642 Et
1355 573 1518 666 quamvis
1534 595 1657 642 secura
1673 571 1736 642 diu
1753 571 1826 643 sint
1843 573 1919 643 ocia
1935 575 2059 666 pravis.

290 689 340 768 Et
356 719 432 766 non
448 688 606 763 bumana
623 685 765 758 moenia
782 685 872 754 sacta
889 675 1026 748 mauu?
1133 739 1138 748 ,

238 797 354 872 Parva
370 799 620 869 intermontes
636 792 740 874 latet,
763 781 912 856 immani
928 800 1053 870 aggere
1069 787 1178 866 septa,

292 897 341 974 Et
355 915 425 974 stat
437 898 625 972 inaccessis
639 890 677 990 ⁸)
695 890 856 982 undique
873 885 991 954 clausa
1006 879 1110 970 iugis.

241 1005 482 1100 Defenditquc
499 1027 564 1074 suo
581 988 774 1094 propius⁶)
793 1013 858 1061 nos
876 986 1006 1056 robore
1025 973 1221 1074 Numen⁷),

293 1107 402 1204 lgnea
418 1111 507 1180 dum
523 1101 669 1174 simulat
686 1091 827 1167 moenia
843 1091 921 1161 luce
937 1111 1000 1158 sua
1014 1079 1066 1179 ⁸):
1150 1097 1155 1132 ¹

239 1211 294 1288 Nc
312 1214 487 1310 populum
502 1207 633 1278 feriant
649 1197 812 1272 coelestia
831 1215 928 1264 sacra
945 1189 1132 1272 colentem,

292 1316 384 1392 Acta
400 1315 514 1388 malos
531 1319 656 1382 contra
671 1301 778 1372 noxia
793 1297 861 1367 tela
881 1295 989 1366 viros.

241 1421 295 1498 Ne
309 1439 344 1498 te
360 1421 472 1513 igitur
486 1413 602 1506 capiat
617 1405 747 1478 melior
761 1401 906 1470 fortuna
922 1395 1113 1478 malorum,

293 1523 469 1618 Turpiter
484 1531 525 1588 ut
543 1511 664 1605 cupias
680 1501 880 1575 destituisse
895 1497 1026 1571 Deum.

240 1630 327 1705 Non
342 1624 451 1700 habet
465 1619 628 1712 impietas
644 1627 842 1688 successus,
868 1601 1020 1686 credite,
1045 1597 1184 1688 longos,

293 1729 343 1804 Et
358 1727 452 1800 male
468 1715 683 1818 promeritos
700 1707 815 1780 tristia
831 1707 902 1776 fata
920 1713 1077 1774 manent.

242 1837 452 1926 Felicesque
468 1825 539 1918 pii,
564 1828 728 1913 quostu,
755 1824 856 1904 pater
869 1807 1026 1924 optime3
1050 1821 1180 1886 servas,

294 1935 490 2022 Continget
505 1937 648 2018 portum
663 1931 699 1986 te
715 1917 805 1985 duce
820 1923 943 1981 nostra
960 1924 1057 1980 ratrs.

244 2039 341 2134 Ergo
358 2039 456 2118 leva,
482 2041 602 2122 pater,
628 2017 801 2100 afflictos,
828 2013 992 2107 vitaeque
1008 2011 1167 2102 guberna

296 2140 519 2229 Ambiguum
536 2145 680 2197 cursum
695 2119 846 2191 numine
860 2139 991 2212 quaeso
1007 2127 1083 2188 tuo.

249 2318 1247 2370 fl

873 2402 876 2408 '
1057 2449 1124 2548 (sn.
1135 2445 1247 2543 1526.)

1069 2545 1239 2576 m

1341 673 1462 745 Poena
1480 689 1598 746 tamen
1615 677 1718 746 tardo
1737 669 1801 744 hos
1818 677 1964 771 corripit
1981 691 2052 748 acta
2068 674 2184 774 prde⁸).

1991 971 1997 986 ¹
2066 1027 2227 1108 (arsace)

2064 1117 2225 1156 NON

1363 1215 1439 1302 Opp.
1452 1217 1515 1302 lias.
1533 1219 1567 1276 Τ.
1577 1217 1611 1274 V.
1628 1235 1656 1289 p.
1666 1216 1728 1302 342.
1745 1219 1859 1304 et'spud
1875 1217 1955 1304 Vino.
1969 1241 1996 1295 p.
2004 1221 2062 1280 203
2086 1225 2132 1308 ,Ειὶ
2143 1226 2182 1279 alis
2192 1247 2228 1280 res

1394 1287 1811 1429 ltdtlttlttltlallP
1826 1289 1975 1347 ¹²¹⁰⁸¹¹¹¹¹¹¹
1990 1293 2227 1368 '‘¹¹⁰¹¹¹¹”¹⁸⁸’l”²‘

1306 1501 1501 1576 'Psabmss
1517 1504 1653 1576 em:
1678 1506 1859 1594 „Beatus
1873 1510 1933 1578 air
1949 1512 2013 1602 qm·
2031 1503 2154 1582 timet”
2168 1515 2212 1581 etc.

1304 1015 1371 1090 No.
1388 1007 1450 1090 7'0.

1300 1113 1473 1143 Μ

1293 1658 1395 1730 Felix
1410 1657 1472 1727 ille
1489 1657 1608 1728 D'eum
1623 1657 1750 1728 metuit
1766 1657 1829 1751 qui
1847 1672 1990 1751 pectore
2008 1673 2089 1747 toto,

1347 1757 1394 1833 lit
1410 1784 1485 1830 non
1501 1761 1618 1830 fucata
1635 1759 1822 1850 relligione
1837 1763 1933 1836 colit.

1295 1863 1343 1937 Et
1359 1865 1421 1959 qui
1439 1855 1667 1952 divinae'legi
1682 1885 1805 1954 parere
1822 1865 1991 1948 studebit,

1346 1967 1396 2042 Et
1412 1967 1470 2038 cui
1485 1965 1633 2036 deliciae
1650 1980 1735 2038 sunt
1751 1969 1850 2038 bona
1864 1967 1960 2036 iussa
1977 1965 2056 2039 Dei.

1295 2071 1481 2144 Fluctibus
1499 2068 1538 2136 in
1555 2067 1681 2138 mediis
1697 2070 1897 2142 servabitur
1913 2069 1994 2156 ille,
2019 2082 2165 2162 paternas
2272 2143 2273 2148 ,

1347 2171 1585 2265 Implebitque
1600 2193 1662 2240 sua
1677 2173 1882 2264 posteritate
1898 2174 2036 2244 domos.

1295 2274 1344 2349 Et
1362 2297 1566 2372 quanquam
1585 2273 1694 2342 variis
1709 2275 1860 2346 iactetur
1877 2297 1981 2368 saepe
1997 2273 2139 2367 periclis,

1348 2375 1518 2451 Attamen
1533 2371 1631 2446 hunc
1647 2400 1808 2450 summus
1823 2393 1941 2450 servat
1957 2379 2088 2472 alitque
2104 2391 2190 2470 pater.

1296 2479 1417 2554 Huius
1434 2493 1582 2554 conatus
1596 2479 1712 2548 facilis
1727 2480 1873 2552 fortuna
1888 2481 2038 2562 fovebit,

298 2511 331 2558 ο,
346 2476 409 2554 69.

253 2485 426 2614 L
1348 2579 1527 2657 Provebet
1544 2595 1578 2652 et
1594 2583 1718 2652 dextro
1735 2585 1884 2656 numine
1900 2597 2030 2656 cuncta
2045 2580 2142 2656 Deus.

317 2702 349 2756 tn
364 2697 470 2759 ranae·
482 2683 576 2738 ⁸⁸⁰²*
594 2683 622 2728 ‘²
642 2672 672 2728 ³¹²
687 2689 753 2746 ⁰1³9·
765 2669 828 2726 ⁸²⁸·
843 2669 878 2724 T.
891 2673 926 2727 V·
945 2671 1043 2740 ΡΜ*
1078 2669 1160 2744 ⁶9⁰⁶
1174 2668 1247 2724 vin·
1298 2687 1402 2760 Illius
1417 2685 1570 2758 aestivae
1587 2687 1807 2776 superabunt
1824 2682 1952 2757 horrea
1972 2709 2108 2772 messes,

348 2769 420 2826 Μ’·
439 2776 466 2830 ⁹⁶
479 2753 523 2808 ἥ
1349 2787 1397 2862 Et
1411 2791 1529 2878 fruges
1544 2787 1663 2878 amplo
1680 2788 1826 2861 foenore
1841 2791 1969 2860 reddet
1985 2813 2077 2882 ager.

326 2923 499 3005 pgahnm
524 2907 663 2984 (mbr
689 2905 871 2992 „Beatus
891 2905 951 2974 vir
974 2904 1037 2996 qui
1059 2905 1171 2974 timet
1298 2893 1407 2966 Hunc
1423 2905 1524 2986 pater
1538 2890 1687 2980 ancipiti
1703 2893 1858 2963 servabit
1871 2907 2052 2984 tmpore,
2074 2892 2154 2964 iusta

591 2999 814 3082 dominmo”
845 3009 910 3078 etc.
1349 2995 1465 3069 Causa
1480 2993 1679 3086 patrocinio
1695 2995 1813 3066 vincet
1827 2995 1961 3089 ubique
1978 2994 2055 3066 Dei.

1299 3100 1382 3173 Non
1397 3101 1549 3170 deerunt
1565 3119 1724 3190 unquam
1740 3097 1859 3168 dubiis
1876 3098 2006 3169 solatia
2022 3099 2130 3180 rebus,

1352 3201 1454 3292 Quae
1469 3199 1606 3271 faciunt
1620 3213 1741 3291 pectus
1759 3201 1896 3272 firmius
1912 3223 1988 3272 csse
2003 3202 2090 3272 viro.

1299 3303 1458 3380 Lumina
1474 3327 1540 3373 ceu
1556 3303 1711 3374 tenebris
1726 3305 1875 3396 adparet
1891 3302 1989 3382 clara
2006 3301 2149 3386 remotis,

1352 3406 1412 3480 Sic
1426 3405 1520 3478 tristi
1537 3405 1698 3475 inveniet
1712 3419 1872 3497 tempore
1889 3405 2004 3478 laetus
2022 3403 2053 3500 ¹)
2070 3427 2170 3496 opem.

1301 3511 1368 3580 Vir
1383 3511 1499 3580 bonus
1516 3507 1659 3578 adflicto
1675 3509 1790 3578 facilis
1806 3509 1983 3582 succurrit
1998 3509 2107 3579 amico

1350 3609 1398 3684 Et
1414 3633 1626 3706 quacunque
1642 3623 1758 3703 potest
1773 3611 1962 3682 sedulitate
1980 3611 2089 3684 iuvat.

1301 3712 1466 3808 Aeraque
1482 3738 1556 3784 non
1573 3735 1654 3803 agre
1672 3715 1733 3784 dat
1749 3727 1872 3785 mutua
1888 3713 1982 3785 ierre
1999 3711 2138 3806 petenti,

1236 3825 1251 3856 '
1352 3814 1406 3889 Ac
1421 3817 1549 3908 opibus
1565 3816 1661 3906 large
1678 3815 1844 3887 subvenit
1859 3815 1922 3886 ille
1939 3818 2026 3891 suis.

1301 3919 1375 3992 Nec
1389 3919 1458 3990 sibi
1474 3918 1618 3990 divitias
1635 3943 1698 4013 per
1712 3919 1875 3990 fraudem
1893 3933 1954 3990 aut
1969 3919 2105 4016 quaerit
2119 3911 2236 3985 honora

1353 4021 1427 4092 Nec
1443 4021 1609 4114 cuiquam
1625 4021 1775 4092 iniustas
1790 4019 1906 4092 iniicit
1922 4022 1987 4092 illc
2001 4044 2131 4092 manus.

1303 4125 1504 4218 siquando
1521 4123 1667 4195 exitium
1684 4125 1828 4196 fortuna
1844 4124 1991 4196 inimica
2009 4124 2163 4200 minatur,

1354 4225 1457 4298 Illius
1475 4250 1612 4321 semper
1628 4227 1706 4297 vult
1721 4225 1925 4296 meminisse
1941 4225 2052 4300 Deus.

1303 4327 1349 4402 ΕΙ
1364 4329 1448 4423 quia
1463 4352 1500 4398 se
1519 4353 1625 4400 curae
1641 4351 1714 4399 esse
1732 4327 1808 4399 Deo
1826 4329 2005 4402 confidere
2022 4329 2127 4412 novit,

1356 4430 1437 4502 Non
1454 4427 1539 4500 buic
1555 4431 1704 4509 incutiet
1718 4431 1849 4502 nuncia
1862 4431 1956 4504 sama
1972 4445 2115 4502 metum.

1304 4533 1410 4606 Mens
1423 4533 1571 4605 immota
1586 4535 1684 4606 velot
1698 4557 1826 4624 magon
1844 4560 1924 4604 curn
1941 4537 2068 4605 robore
2084 4545 2216 4628 quercu&

1355 4633 1522 4718 Constat,
1553 4651 1588 4709 et
1608 4638 1646 4707 in
1667 4633 1845 4722 Domino,
1878 4661 2047 4734 spemque
2066 4635 2245 4714 animumque

1839 4741 1943 4809 locat.

1305 4839 1377 4914 Sed
1391 4841 1454 4936 qui
1470 4841 1666 4912 contemnit
1680 4839 1841 4911 coelestia
1859 4842 1971 4928 iussa,
1994 4841 2130 4934 peribit,

1356 4941 1448 5014 Nam
1467 4944 1587 5016 subito
1605 4943 1724 5014 veniet
1738 4966 1865 5034 magna
1880 4945 1984 5014 ruina
2001 4943 2111 5016 malis.

1305 5043 1374 5116 Vir
1389 5071 1532 5140 quoque
1546 5047 1660 5118 multa
1673 5047 1754 5139 pius
1769 5047 1906 5116 confert
1919 5047 1957 5116 in
1971 5044 2129 5140 pauperis
2141 5055 2227 5110 usum,

1356 5144 1406 5220 Et
1420 5149 1479 5221 liet
1492 5149 1631 5220 miseris
1646 5163 1771 5242 portus
1789 5163 1826 5222 et
1839 5174 1924 5220 aura
1941 5149 2038 5219 viris.

251 3179 393 3268 foelix,
419 3167 501 3246 ille,
524 3157 643 3231 Deum
658 3158 784 3228 metuit
802 3156 865 3251 qui
881 3170 1021 3250 pectore
1036 3168 1124 3243 toto,

301 3279 414 3358 Cuius
429 3264 573 3340 delitiae
589 3274 673 3332 sunt
688 3263 783 3331 bona
799 3261 893 3330 iussa
909 3255 988 3330 Dei.

253 3392 356 3472 lllius
372 3389 408 3448 et
421 3385 542 3452 natos,
568 3377 603 3434 et
621 3364 685 3458 qui
701 3377 893 3435 nascentur
906 3365 952 3434 ab
969 3361 1053 3444 illis,

300 3474 456 3562 Caelesti
471 3468 670 3552 Dominus,
698 3467 818 3547 crede,
843 3465 981 3538 iuvabit
996 3488 1075 3556 ope.

253 3599 302 3676 Εῑ
317 3605 407 3683 quae
425 3570 622 3657 sufficiant,
647 3569 797 3642 donabit
811 3570 996 3641 commoda
1012 3567 1117 3651 vitae,

303 3681 444 3765 lustitia
462 3688 516 3744 ert
532 3669 642 3744 buius
655 3673 798 3744 vindice
815 3685 891 3744 tuta
906 3674 998 3745 Deo.

256 3803 437 3878 Grataquc
452 3779 494 3846 in
508 3776 665 3847 adversis
680 3789 800 3848 cernet
816 3776 938 3848 solatia
954 3776 1074 3857 rebus,

309 3885 488 3968 Adficitur
502 3879 634 3950 nostris
651 3904 735 3950 narn
749 3877 846 3950 Deus
861 3880 937 3972 ipse
952 3877 1068 3948 malis.

258 4004 324 4077 Vir
339 3995 458 4062 bonus
473 4003 554 4051 aera
568 3982 659 4054 solet
672 3984 784 4054 facilis
799 3985 883 4052 dare
898 3995 1022 4052 mutua
1038 3973 1166 4067 egenti,

307 4094 356 4172 Et
370 4109 472 4160 mens
487 4085 586 4156 illius
603 4087 720 4157 nescia
738 4087 873 4157 fraudis
889 4085 968 4157 erit.

257 4208 341 4284 Non
359 4187 487 4286 poterit
503 4189 610 4260 talem
626 4189 770 4262 fortuna
786 4203 942 4259 evertere
959 4184 1097 4278 iniqua,

307 4297 374 4374 Est
388 4313 524 4362 memor
538 4286 636 4363 illiu's
651 4316 810 4385 semper,
832 4291 969 4386 eritque
984 4287 1091 4358 Deus.

258 4382 510 4486 Fortunaeque
527 4395 641 4464 minas
656 4397 717 4465 ille
733 4393 993 4486 imperterritus
1010 4385 1120 4470 audit,

310 4499 433 4576 Solius
447 4494 526 4566 fidit
540 4520 624 4568 nam
639 4499 800 4569 bonitate
814 4493 895 4567 Dei.

258 4608 307 4688 Et
324 4597 497 4698 quoniam
514 4621 616 4670 curae
635 4623 708 4671 esse
722 4597 799 4670 Deo
818 4595 1041 4681 recredidit,
1065 4593 1143 4684 ipso

311 4707 536 4795 inspectante
552 4703 653 4773 malis
661 4753 674 4789 ‚
700 4725 815 4798 poena
834 4701 966 4771 luenda
982 4697 1090 4771 venit.

296 4931 323 5000 3)
343 4925 404 4980 llas.
419 4931 444 4976 et
456 4920 518 4976 See.
530 4921 649 4976 nocebit.

295 5019 326 5082 4)
352 5007 387 5063 Si
406 5023 454 5074 spe
475 5011 541 5092 etc]
566 5005 627 5062 Bar.
646 5013 676 5058 et
692 5003 755 5059 Sec.
789 5001 848 5094 Q
862 5003 960 5072 fidum
979 5009 1121 5070 'superum
1139 5020 1256 5058 numme

298 5085 570 5233 tlpzsitbetcllroccq
587 5161 647 5212 Bar.
661 5169 688 5213 et
702 5157 764 5214 Sec.
782 5157 818 5210 Et
831 5175 889 5212 nou
903 5161 1031 5214 musso.

297 5254 327 5318 6)
344 5247 405 5302 Bas.
419 5253 445 5298 et
458 5245 517 5302 Sec.
527 5249 652 5311 propior.

297 5339 326 5404 7)
345 5335 444 5386 roton
458 5333 575 5402 nomen]
588 5331 650 5388 Bar.
663 5341 690 5386 et
701 5329 763 5390 see.
781 5331 910 5392 numme,
927 5348 1066 5388 summm.
1138 5379 1145 5396 ,

1340 5347 1370 5416 *)
1388 5349 1448 5404 lias.
1458 5348 1533 5404 Sero
1545 5360 1646 5412 tomen
1660 5351 1753 5404 tacitis
1763 5365 1861 5412 poeno
1873 5351 1949 5404 vem't
1959 5349 2081 5418 pentem.

297 5423 329 5490 3)
347 5418 428 5480 nott.
442 5425 468 5473 et
482 5417 541 5476 See.
560 5421 653 5488 lgnm
670 5419 778 5492 rifierr'
795 5421 925 5491 moenio,
944 5425 1048 5492 dotqoe
1057 5429 1154 5490 pater·

1341 5435 1369 5500 t)
1386 5435 1489 5504 laetos]
1504 5433 1565 5489 Bes.
1577 5443 1684 5500 pectus.
