4686 6172
231 303 316 396 ,4³
830 289 1249 387 nouusrtonus
1282 247 1687 374 acroamata
2174 311 2231 387 m

240 509 378 564 auore.
427 477 535 554 Eone
550 483 712 547 cnsorem
731 469 905 562 siguificat
920 467 1159 562 adpellatioue
1175 491 1236 538 co·
1388 464 1502 540 lolius
1516 461 1740 539 Caesareum
1758 469 1882 539 sedens
1897 470 1934 543 in
1952 471 2033 544 sella
2050 485 2159 564 aurea,
2185 485 2236 552 ta.

241 593 347 676 loris,
366 576 435 682 iqui
450 580 511 653 hic
525 580 732 650 nominatur
749 573 902 658 coccini,
927 585 962 642 et
976 571 1161 642 vermiculi
1176 595 1238 641 co·
1286 570 1446 642 minatur
1475 570 1555 640 orbi
1587 585 1782 659 terrarum,
1815 573 1975 643 coccinea
2005 592 2092 648 veste
2112 580 2239 670 indutus,

243 699 317 780 lor,
343 690 427 786 quia
450 697 575 756 notum
599 693 668 760 est,
693 675 878 766 sanguinei
904 674 1034 746 coloris
1055 671 1237 744 materiam
1288 695 1391 744 cocco
1404 673 1534 742 similis
1549 685 1620 757 est,
1645 673 1708 766 qui
1723 673 1906 767 aliquanto
1922 687 2000 768 post
2015 679 2095 748 iscet
2108 684 2240 758 tribusrt

246 821 320 870 esse
336 787 472 867 κόκκον
490 778 677 880 βαφικὴν,
704 779 741 847 id
759 791 828 862 est,-
853 797 1003 867 granum
1021 776 1240 855 tinctorium,
1289 775 1415 866 viginti
1434 775 1645 845 vulneribus
1660 765 1829 867 acceptis,
1853 795 2018 849 cruentus
2033 769 2241 876 totocorpore,

246 901 342 995 qnod
366 891 517 966 Arabica
537 887 660 976 lingua
683 868 856 951 Chremes
871 881 1053 964 nominat,
1078 880 1174 948 unde
1191 889 1241 946 est
1289 879 1376 972 quid
1395 877 1447 948 est
1464 877 1532 946 nisi
1550 889 1639 947 teter
1653 877 1886 962 vermiculus,
1912 903 1974 950 seu
1991 877 2194 978 nxwlriuoa?

250 995 441 1092 adpellatio
455 985 693 1062 Chermcsini.
743 979 809 1054 Est
822 996 940 1052 autem
957 973 1242 1076 κόκκοςβαφικη

249 1125 418 1196 morsm,
449 1093 546 1186 quod
578 1090 616 1159 in
642 1087 724 1158 llice
749 1085 924 1166 nascitur,
964 1109 1039 1154 nou
1065 1083 1179 1153 solum
1204 1082 1241 1150 in

251 1205 359 1286 Asia,
387 1199 447 1268 sed
465 1195 570 1264 etiam
587 1193 626 1262 in
642 1187 866 1260 Narbonensi
886 1185 1024 1270 Gallia,
1046 1186 1085 1254 in
1101 1183 1244 1254 Lusita-

251 1309 313 1377 nia
337 1318 372 1374 et
395 1297 567 1380 Graecia,
603 1297 698 1386 quod
723 1291 863 1380 copiose
885 1287 1070 1378 colligitur
1083 1289 1128 1356 ad
1154 1281 1246 1354 banc

252 1409 463 1484 utilitatem,
487 1411 528 1468 ut
542 1396 660 1466 colore
677 1393 870 1481 sanguineo
889 1414 1024 1482 patruos
1041 1391 1163 1476 tingat.

354 1505 428 1577 Sed
445 1503 540 1570 unde
560 1511 612 1569 est
626 1494 809 1564 vermiculi
828 1492 1042 1584 adpellatiu?
1085 1489 1174 1560 Num
1193 1509 1248 1558 res

255 1613 377 1682 eadem
392 1603 608 1694 significatur
621 1613 771 1688 utraque
785 1595 1043 1686 adpellatione,
1068 1590 1248 1664 utHiero-

147 1711 150 1716 ’
255 1735 384 1810 uymus
407 1709 446 1776 in
466 1703 625 1774 Levitico
649 1698 829 1770 coccinum
852 1696 1059 1788 simpliciter
1077 1696 1249 1786 interpre-

257 1830 355 1887 tatur
372 1807 617 1880 vermiculum.
669 1797 725 1872 Ad
746 1800 782 1868 id
799 1801 1007 1890 respondeo.

358 1902 473 1983 Color¹
493 1907 586 1976 idem
607 1903 824 1992 significatur
847 1903 985 1974 duabus
1001 1896 1252 1991 adpellationi-

258 2023 327 2090 bus
347 2010 525 2084 materiae.
574 2006 647 2078 Sed
672 2028 795 2074 coccus
809 2027 883 2073 non
905 2017 957 2074 est
972 2003 1175 2072 immediata
1190 2025 1252 2070 co·

261 2119 347 2196 loris
378 2110 544 2194 materia,
576 2131 699 2176 vertum
725 2106 959 2188 vermiculus,
992 2105 1054 2198 qui
1077 2106 1115 2172 iu
1138 2126 1254 2202 cocco,
1301 2151 1655 2222 candidiormnive

260 2246 341 2294 cum
374 2211 565 2294 maturuit,
602 2208 780 2286 nascitur,
818 2205 1021 2277 immediata
1051 2219 1102 2275 est
1126 2203 1255 2274 coloris
1339 2271 1343 2284 ,
1655 2203 1666 2227 ·

261 2317 426 2400 materia,
464 2309 599 2382 Graece
629 2300 855 2400 σκωλήκιον,
890 2309 986 2378 uude
1007 2307 1165 2378 fortassis
1188 2329 1255 2375 no·
1403 2303 1501 2376 llaec
1515 2305 1636 2377 omnia
1653 2305 1917 2378 consideremus
1932 2308 1972 2380 in
1989 2303 2054 2380 bac
2068 2307 2238 2380 concionale

262 2448 346 2496 men
362 2403 651 2490 estScharlucls.
702 2407 894 2480 Pausanias
914 2433 1025 2500 prope
1042 2408 1255 2478 Parnassum
1305 2406 1541 2501 poenitentia,
1573 2422 1608 2480 et
1631 2433 1712 2478 vere
1738 2411 1784 2480 ad
1803 2408 1919 2481 Deum
1938 2411 2244 2494 convertamur,lo·

1392 1024 1494 1103 Talis
1509 1043 1561 1100 est
1575 1024 1764 1102 hominnm
1778 1047 1904 1106 natura
1913 1089 1925 1122 ,
1950 1035 2099 1130 primum
2113 1065 2199 1110 cocco
2209 1044 2244 1110 si-

1292 1130 1405 1212 milis,
1433 1133 1493 1200 sed
1516 1145 1637 1223 postea
1658 1134 1697 1202 in
1721 1135 1846 1226 poeuis
1862 1161 1984 1208 sumus
2002 1142 2128 1209 cruenti
2145 1145 2246 1212 vermi-

1294 1234 1374 1302 culi.
1427 1229 1531 1303 Hanc
1547 1228 1680 1304 lautam
1697 1237 1875 1306 miseriam
1900 1240 2051 1330 cogitare
2064 1265 2123 1310 rsus
2133 1259 2244 1336 oporte·

1295 1338 1374 1419 bnt,
1399 1349 1433 1406 ct
1449 1335 1573 1405 audire
1588 1335 1701 1405 filium
1718 1334 1804 1420 Dei,
1839 1341 1900 1434 qui
1916 1365 1983 1410 uos
1998 1341 2116 1414 liberat
2130 1367 2245 1414 comer·

1295 1439 1412 1521 sosad
1429 1437 1565 1530 ipsum,
1589 1438 1679 1509 sicut
1703 1433 1761 1510 bic
1777 1435 1901 1513 Esaias
1917 1445 2049 1538 inquit:
2080 1445 2115 1517 Si
2131 1469 2246 1516 couver-

1296 1538 1434 1624 limini,
1461 1540 1560 1610 eritis
1575 1541 1719 1610 candidi
1740 1553 1782 1614 ut
1798 1543 1870 1616 nix.
1922 1543 1994 1616 Sed
2018 1547 2063 1618 ita
2079 1571 2138 1616 nos
2152 1565 2246 1632 servat,

1297 1665 1409 1735 poena
1433 1641 1472 1710 iu
1505 1663 1578 1711 sese
1610 1642 1780 1730 dirivata,
1812 1645 1903 1716 sicut
1927 1645 2062 1743 inquit:
2102 1645 2169 1740 Ego
2192 1673 2246 1718 sim

1298 1745 1439 1820 vermis,
1489 1740 1582 1814 Cum
1599 1743 1728 1837 pendet
1743 1747 1837 1817 lilius
1852 1746 1919 1818 Dei
1940 1765 2103 1821 cruentus
2117 1751 2150 1819 in
2165 1775 2247 1832 eruce,

1299 1846 1483 1940 pronubis
1498 1846 1537 1917 fit
1554 1846 1785 1934 vermiculus,
1807 1851 1867 1919 sed
1887 1851 1954 1938 ita,
1978 1864 2019 1922 ut
2042 1853 2147 1924 deleat
2161 1875 2246 1944 perca-

1300 1964 1375 2020 tum
1395 1951 1434 2020 et'
1448 1961 1619 2030 mortem,
1646 1961 1681 2019 et
1697 1949 1910 2020 reviviscens
1924 1955 2051 2027 reddat
2071 1956 2164 2024 uobis
2175 1953 2246 2024 iusti-

1300 2053 1388 2120 ciam
1406 2049 1559 2121 etvitam
1573 2063 1769 2138 aeternam,
1796 2053 1935 2144 plenam
1954 2056 2060 2144 lucis,
2084 2081 2163 2151 quae
2175 2057 2245 2144 louge

144 2511 148 2522 ⁵
264 2528 315 2596 ait
346 2519 487 2612 copiose
520 2513 618 2584 nasci
651 2511 835 2596 fruticem,
870 2509 933 2604 qui
959 2511 1071 2603 gignit
1094 2535 1258 2602 granum,
1303 2512 1379 2584 lore
1395 2510 1592 2580 afficiamur
1606 2524 1753 2604 propter
1768 2527 1888 2583 nostra
1906 2527 2068 2604 peccata,
2098 2511 2246 2584 nausimus

265 2628 362 2721 qnod
397 2619 605 2692 nominatur
638 2607 791 2702 κόκκος,Ι
829 2613 945 2684 simile
977 2635 1088 2702 grano
1122 2613 1259 2696 Solani,
1304 2615 1408 2684 ferrei
1426 2613 1621 2704 inpositis,
1644 2615 1704 2682 sed
1721 2613 1810 2684 iram
1828 2613 1894 2686 Dei
1911 2637 2153 2704 agnoscamus,
2178 2609 2248 2683 simol

266 2729 395 2800 deinde
428 2721 563 2815 inquit:
607 2711 750 2816 piraeus
785 2707 826 2787 di
864 2715 904 2788 ἐν
937 2719 993 2810 τῷ
1028 2719 1162 2810 καρπῷ
1194 2717 1259 2808 τῆς
1305 2729 1420 2790 autem
1445 2714 1689 2805 confugiamus
1710 2716 1884 2786 adfilium
1901 2714 1991 2804 Dei,
2016 2731 2248 2810 etpetamusu·

266 2811 404 2905 κόκκόυ
425 2815 553 2920 βραχὺ
577 2813 697 2908 ζῶον,
729 2812 794 2890 καὶ
812 2807 926 2898 ἐοικὸς
940 2809 1093 2890 κώνωπι
1111 2811 1260 2914 φαίνοι·
1306 2815 1511 2886 missionem
1540 2832 1781 2908 peccatorum,
1822 2831 1856 2888 et
1883 2819 2140 2909 mitigationem
2159 2837 2250 2910 poert·

266 2955 311 3006 ro
331 2929 392 3003 dv.
451 2915 455 2922 ’
955 2959 957 2966 ·
1306 2943 1398 2993 rum.
1449 2915 1503 2987 lta
1524 2919 1761 3010 experiemur,
1787 2925 1905 2989 veram
1928 2943 2005 2991 esse
2020 2915 2250 2991 Esaiaccuurio-

271 3075 275 3088 .
366 3029 521 3120 Cognita
537 3021 764 3116 grammatica
780 3020 1055 3092 enarrationeiu
1067 3017 1136 3091 hoc
1151 3020 1260 3099 dicto,
1306 3045 1408 3105 nem,
1434 3035 1468 3092 et
1484 3043 1559 3089 eam
1579 3019 1719 3112 planius
1735 3021 1988 3112 intelligemus.
2040 3021 2087 3094 Et
2101 3022 2252 3116 quidemst

269 3149 390 3229 postea
409 3135 451 3202 lit
475 3127 624 3198 illustris
648 3123 833 3194 sententia.
895 3121 934 3192 ln
953 3119 1261 3194 hismiseriisno-
1307 3144 1430 3194 coccus
1446 3146 1527 3192 cum
1544 3135 1641 3194 aceto
1660 3135 1759 3192 sanat
1781 3125 1947 3208 vulnera,
1975 3125 2025 3198 ita
2041 3121 2251 3196 Christusstu·

271 3239 352 3308 stris
378 3235 473 3304 etin
497 3231 574 3322 ipsa
597 3241 709 3296 morte
730 3249 853 3294 sarnus
869 3227 1024 3310 cruenti,
1050 3242 1089 3298 ut
1108 3227 1263 3296 latrones
1308 3225 1396 3296 ciata
1420 3237 1560 3317 pectora
1583 3233 1700 3312 sanat,
1727 3250 1817 3320 quae
1837 3226 1908 3296 iam
1922 3227 2004 3318 lege
2019 3243 2175 3324 tauquam
2190 3235 2252 3292 aceto

271 3343 310 3410 in
324 3333 523 3430 suppliciis,
547 3333 606 3400 sed
623 3327 803 3398 conversis
818 3325 915 3398 Deus
940 3329 1033 3398 tollit
1051 3345 1110 3399 aru
1127 3327 1263 3416 mitigat
1308 3318 1539 3398 arrodantur.

243 3481 245 3486 ·
270 3463 423 3538 poenas,
459 3431 599 3506 etfacit
623 3453 684 3500 eos
706 3430 789 3498 nive
812 3430 1046 3505 candidiores.
1097 3427 1154 3500 Aa
1171 3425 1264 3498 hanc

273 3541 513 3615 dulcissimam
531 3532 801 3632 promissionem
825 3529 984 3600 divinam
999 3535 1043 3601 de
1057 3531 1264 3602 remissione

273 3658 495 3738 peccatorum
510 3651 544 3707 et
557 3635 776 3724 mitigatione
786 3657 977 3726 poenarum
987 3633 1266 3725 intelligendam,

274 3747 467 3841 plurimum
492 3739 689 3808 conducere
719 3733 982 3826 grammaticam
1004 3737 1263 3808 enarrationem

274 3848 501 3920 manifestum
515 3855 580 3911 est.
627 3837 699 3908 Sed
714 3839 824 3906 multa
843 3851 931 3908 tecte
946 3838 1117 3927 significat
1130 3835 1265 3908 Esaias.
1295 3879 1297 3884 -

277 3952 362 4022 ldeo
383 3969 446 4018 oro
464 3941 698 4013 reverendum
715 3940 831 4008 vitum
851 3939 1045 4010 Doctorem
1063 3935 1264 4034 Georgium

277 4048 484 4130 Maiorem,
513 4059 554 4114 ut
575 4045 649 4133 ipse
663 4043 707 4110 dc
722 4036 790 4111 boc
808 4041 1012 4112 dulcissimo
1033 4045 1128 4114 dicto
1144 4043 1267 4135 eopio-

277 4153 523 4225 siuselisserat.
574 4144 668 4216 Dixi.

1412 3477 1509 3550 lllud
1525 3493 1642 3552 sutem
1656 3479 1896 3552 adiiciendum
1915 3485 2026 3571 duxi,
2051 3483 2089 3552 iu
2104 3479 2254 3551 Polouiret

1309 3607 1383 3653 nou
1406 3583 1571 3674 procula
1596 3580 1809 3654 Vratislavia
1830 3585 1927 3655 nasci
1946 3580 2095 3658 herbam
2110 3578 2145 3654 Τ
2143 3577 2256 3658 seruiit,

1310 3711 1382 3780 qua
1404 3685 1542 3778 aliquot
1561 3685 1708 3756 saeculis
1728 3685 1799 3756 iam
1821 3711 1886 3778 pro
1909 3711 2018 3760 tocco
2032 3685 2169 3784 βαφικῇ
2188 3679 2256 3754 lttlh

1312 3807 1379 3858 usa·
1392 3801 1454 3856 est.
1477 3779 1481 3788 '
1503 3779 1557 3856 Ea
1577 3779 1687 3857 berba
1710 3787 1877 3874 collecta,
1902 3805 2024 3882 postea
2039 3801 2256 3860 maceraturos·

1311 3887 1459 3972 revisia,
1483 3889 1946 3994 unoatquealteromense‚
1972 3890 2257 3988 quodeumlactuu

1313 4005 1383 4076 est,
1409 3991 1559 4060 vertitur
1574 3990 1612 4060 in
1628 3991 1881 4078 vermiculum,
1906 3994 1970 4086 qui
1987 4008 2041 4064 est
2062 3992 2193 4064 materia
2205 4007 2257 4055 sao·

1313 4093 1432 4185 guinei
1450 4091 1590 4166 coloris.
1642 4089 1755 4162 Aiunt
1776 4117 1816 4163 ex
1834 4089 1898 4164 hac
1916 4117 2035 4166 merce
2048 4093 2171 4188 Regem
2185 4083 2256 4158 vecti·

1314 4197 1370 4287 gal
1381 4193 1573 4288 quotannis
1588 4187 1752 4264 babuisse
1767 4195 1973 4268 circitersex
1992 4199 2104 4268 millia
2117 4206 2257 4268 auruum

447 4321 624 4410 desponsio
652 4317 821 4407 Georgii
847 4319 1032 4388 Maioris
1054 4319 1100 4388 D,
1315 4297 1620 4387 Hungaricorum,
1673 4293 1778 4367 Nunc
1799 4297 1854 4366 vel
1871 4298 1953 4392 quia
1969 4313 2116 4392 propter
2129 4291 2259 4390 ignaviam

1314 4400 1434 4469 minus
1451 4399 1648 4487 colligitur,
1681 4412 1714 4468 et
1729 4401 1930 4469 macerandi
1951 4399 2110 4472 lab'orem
2126 4395 2259 4494 paucius

1316 4502 1510 4584 sustinent,
1534 4513 1698 4592 quaestus
1713 4500 1832 4570 minor
1847 4515 1910 4576 est.
1961 4497 2014 4573 Et
2026 4528 2069 4574 ex
2086 4501 2178 4574 novis
2190 4495 2260 4566 lusu·

1316 4605 1363 4674 lis
1375 4601 1526 4694 Hispani
1542 4601 1708 4672 adierunt
1721 4617 1867 4688 terram,
1892 4629 1963 4698 qua
1984 4629 2083 4676 nunc
2098 4603 2207 4698 passim
2219 4611 2260 4686 pu

1317 4730 1423 4776 cocco
1435 4717 1605 4785 utuntur,
1630 4705 1726 4774 unde
1740 4704 1780 4774 lit
1795 4705 1894 4775 color
1909 4707 2047 4794 gratior
2061 4709 2204 4802 quidem,
2221 4689 2259 4764 at

1318 4819 1480 4878 nontam
1496 4805 1686 4890 durabilis,
1712 4819 1752 4876 ut
1769 4830 1811 4876 ex
1823 4804 1996 4880 Polonica
2013 4803 2133 4883 herba.

380 4449 581 4522 Necessaria
601 4445 785 4535 diligentia
802 4459 853 4516 est
876 4444 915 4512 iu
930 4441 1085 4515 Ecclesia
1101 4469 1268 4538 quaerere

278 4573 315 4630 'et
343 4553 496 4625 retinere
524 4549 804 4640 grammaticam,
836 4546 1030 4638 simplicem
1054 4561 1089 4618 et
1111 4548 1267 4618 nativam

269 4655 490 4729 seutentiam
504 4647 811 4722 sermonisdivini.
863 4645 1042 4718 Debemus
1057 4647 1153 4718 enirn
1167 4651 1269 4720 audi*

280 4775 373 4830 tores
391 4779 464 4826 esse
487 4753 584 4823 vocis
605 4750 766 4830 divinae,
801 4773 875 4820 non
899 4765 1133 4844 cormptores.
1196 4749 1269 4823 Nec

281 4861 478 4931 ludendum
520 4861 573 4925 'est
606 4852 804 4944 praestigiis
835 4853 1190 4943 interpretationum,
1229 4868 1270 4925 ut

282 4962 385 5032 multi
406 4957 572 5029 omnibus
596 4953 814 5046 temporibus
827 4951 1003 5040 fecerunt,
1027 4956 1088 5047 qui
1103 4957 1270 5047 limpidus
1417 4959 1514 5032 Haec
1535 4959 1579 5028 dc
1603 4959 1698 5029 dicto
1714 4954 1839 5030 Esaiae
1853 4961 2023 5049 recitavi,
2047 4975 2088 5034 ut
2107 4957 2260 5032 adolescet·

279 5065 396 5134 iontes
420 5059 601 5130 doctrinae
632 5057 838 5140 turbarunt,
869 5057 967 5128 velut
995 5055 1124 5128 iniecto
1147 5081 1270 5133 coeno.
1318 5063 1414 5134 tibus
1436 5075 1528 5132 recte
1551 5060 1787 5148 intellectum,
1820 5062 1880 5134 liat
1900 5063 2025 5136 notius
2041 5063 2075 5137 'et
2090 5047 2260 5135 familiarius

282 5165 362 5258 lpsa
384 5185 470 5230 vero
502 5159 624 5230 nativa
651 5157 825 5228 sententia
856 5181 994 5250 semper
1017 5161 1271 5252 amplissimam
1319 5159 1397 5235 Oro
1415 5178 1531 5234 autem
1546 5163 1659 5232 tilium
1673 5161 1760 5249 Dei,
1786 5165 1847 5258 qui
1867 5187 1932 5257 pro
1948 5167 2056 5237 uobis
2071 5151 2259 5237 estverroitt·

276 5257 482 5337 doctrinam
510 5263 679 5333 continet.
738 5257 780 5328 ln
807 5253 876 5329 hoe
904 5261 981 5354 ipso
1009 5259 1106 5332 dicto
1133 5259 1272 5345 Esaiae,
1319 5267 1376 5335 los
1397 5266 1580 5349 incruce,
1605 5277 1648 5335 ut
1669 5287 1735 5335 nos
1751 5265 1898 5338 miseros
1921 5269 2134 5342 vermiculos
2146 5251 2260 5336 serttli

282 5369 403 5462 quales
419 5365 577 5457 picturse
592 5360 701 5435 sunt?
751 5359 791 5434 Si
807 5361 905 5432 eritis
925 5375 964 5434 ut
982 5365 1168 5436 coccinum
1181 5378 1219 5434 et
1232 5377 1273 5435 ut
1321 5368 1507 5458 gubernet.
1557 5361 1653 5442 Dixi.
2276 5391 2277 5447 t

266 5463 496 5540 vermiculus
513 5479 609 5541 ete·
656 5477 659 5482 “
1603 5463 1604 5468 ’
1949 5509 1953 5518 ·

2265 6055 2273 6117 l
