4674 6162
204 285 279 364 143
998 265 1455 370 suessanum
2166 284 2232 363 ttt

204 481 347 562 quoque
368 443 536 528 Pelieano
560 463 598 524 et
619 442 814 523 Theodoro
838 445 1097 520 desiderantur.
1145 441 1202 518 De
1253 445 1386 542 ginali,
1420 446 1483 520 sed
1503 445 1704 520 defensioni
1722 445 1774 522 sic
1797 447 2012 546 temperavi,
2042 463 2084 525 ut
2103 451 2236 529 luserim

205 556 433 640 sacramentis
463 555 608 628 videtur
636 548 741 626 vobis
774 562 894 624 orasse
924 549 1068 622 errare?
1117 547 1202 636 Sed,
1253 552 1436 624 neminem
1457 571 1641 622 servorum
1656 547 1807 624 Domini
1828 553 2039 642 deiecerim,
2063 556 2146 628 dum
2162 555 2237 662 [ne-

204 664 350 744 Christo
366 661 503 746 iudice,
529 655 745 750 cognoscetis
760 649 859 728 hunc
874 655 992 726 virum
1010 655 1050 724 in
1067 647 1123 724 his
1137 652 1203 724 ad·
1253 647 1379 756 dumi]
1399 653 1489 726 ialso
1511 653 1662 725 crimine
1682 653 1909 748 impetierim.
1971 655 2052 730 Hoc
2074 671 2163 731 certe
2186 683 2239 734 so·

207 767 367 847 serendis
383 759 476 838 nihil
489 763 588 834 aliud
602 772 779 853 spectare,
811 783 918 854 mam
934 769 975 829 ut
999 755 1148 827 verbnm
1167 767 1204 826 et
1254 759 1350 844 lum,
1375 755 1504 852 optimi
1517 757 1664 846 fratres,
1686 779 1754 830 nos
1766 752 1830 830 hic
1842 757 1882 828 in
1896 759 2128 852 perniciosam
2144 761 2240 836 istam

207 869 398 972 promissio
427 861 564 939 Christi
590 887 655 934 suo
677 863 756 933 loco
786 856 971 932 habeatur.
1033 857 1205 931 Fructum
1256 883 1411 954 pugrram
1446 860 1758 932 sacramentarium
1789 862 1984 957 protraxit,
2028 865 2124 959 quod
2155 865 2240 938 iem

209 999 354 1052 omnem
377 979 679 1042 sacramentorum
700 963 766 1036 uni
786 961 1055 1036 benevolentiae
1077 957 1146 1032 Dei
1172 971 1207 1031 et
1256 987 1331 1034 non
1363 983 1565 1056 possemus,
1600 957 1926 1058 Oecolampadium
1951 979 1986 1037 et
2003 963 2242 1057 Zvioglimns

210 1080 295 1165 filii,
326 1098 397 1171 qua
413 1069 698 1142 benevolentiam
712 1068 815 1139 istam
832 1065 871 1136 in
887 1061 1030 1138 Christo
1049 1065 1206 1135 oblatam
1255 1061 1417 1152 Luthero
1440 1077 1475 1140 et
1495 1064 1576 1136 aliis
1594 1063 1809 1160 quibusdam
1831 1067 1974 1139 naemei
1995 1079 2068 1139 tam
2084 1063 2242 1140 tubum.

213 1179 428 1274 flelt’lfflffl,
465 1173 603 1246 tribilli·
669 1167 739 1242 1³1³
772 1182 813 1241 ut
841 1169 1064 1240 ostenderem
1092 1165 1208 1251 vobis,
1259 1171 1363 1242 niter.
1421 1165 1496 1238 Nos
1517 1189 1655 1260 semper
1676 1167 1833 1240 vidimus
1854 1167 1893 1238 in
1908 1161 2059 1242 Lutheri
2080 1172 2244 1244 sententia

213 1281 467 1362 adscenderam
496 1277 541 1346 sd
571 1295 635 1345 vos
672 1267 758 1342 hine
792 1271 961 1357 biennio,
1008 1267 1207 1340 obtuleram
1258 1273 1302 1342 de
1323 1263 1549 1340 Eucharistia
1572 1263 1667 1340 nihil
1689 1269 1819 1358 statui,
1847 1272 1944 1368 quod
1961 1295 2026 1366 per
2047 1295 2085 1344 ,ρ
2102 1271 2245 1368 impium

214 1387 406 1480 scriptum,
439 1379 573 1451 flmbivi
586 1387 708 1470 postea
722 1385 950 1447 conventum.
1001 1370 1072 1444 Sed
1086 1367 1207 1440 omnia
1260 1375 1324 1458 sit,
1352 1372 1433 1442 ideo
1449 1367 1590 1442 initio‘a
1606 1371 1835 1444 contentione
1849 1387 1991 1446 nostros
2009 1375 2256 1461 avocabamus,

159 1541 162 1546 ·
214 1493 348 1564 irustra
362 1506 426 1556 vos
439 1482 597 1554 iudicare
608 1477 733 1560 vultis,
759 1499 900 1548 causam
911 1497 1121 1565 cognoscere
1133 1495 1211 1542 oon
1260 1474 1427 1546 etneutri
1449 1472 1604 1567 partium
1625 1475 1742 1566 palam
1759 1473 2080 1568 adstipulabamur,
2129 1474 2203 1548 lam
2222 1477 2249 1547 ,t

215 1593 344 1677 vultis3
378 1587 415 1658 id
436 1582 614 1657 Ecclesiae
635 1593 777 1650 nostrae
797 1578 836 1650 in
852 1575 1018 1668 Zvinglio
1042 1597 1211 1665 magnum
1262 1577 1378 1648 velitis
1394 1576 1619 1660 vosirustra,
1652 1575 1725 1648 imo
1744 1601 1825 1648 cum
1848 1574 2247 1670 pernicieEceleriamm

217 1699 390 1770 damnum
413 1687 523 1760 dedit.
585 1683 761 1756 Dominus
783 1691 903 1750 noster
927 1677 1025 1749 lesus
1046 1673 1212 1748 Christus
1262 1701 1417 1773 pugnarn
1443 1678 1668 1762 resuscitare,
1701 1691 1737 1750 et
1759 1680 1795 1749 id
1818 1679 1917 1752 salsis
1940 1681 2153 1752 crimiffibu,
2177 1705 2248 1751 ,um

218 1807 373 1880 ”mila
406 1815 452 1860 ¹¹²
473 1805 509 1862 ‘l
528 1787 567 1857 5¹¹
590 1785 691 1856 V⁰bl⁸
711 1785 782 1856 det·
834 1779 975 1854 Sensim
997 1781 1215 1850 infamamur
1263 1782 1466 1872 imperfecta
1498 1780 1719 1850 confessione
1750 1781 1911 1854 veritatis
1948 1785 1992 1854 de
2021 1782 2249 1868 sacramentis,

219 1923 305 1987 nos,
336 1895 400 1992 qui
422 1893 461 1962 in
482 1887 651 1963 Ecclesiis
679 1883 914 1978 Reipublicae
937 1881 1084 1978 Imperii
1106 1875 1215 1953 Chri·
1265 1909 1311 1954 ne
1327 1881 1495 1954 dubitetis
1509 1882 1604 1954 Deus
1618 1883 1733 1953 aderit
1748 1879 1926 1956 Ecclesiae
1944 1907 2050 1972 suae,
2082 1899 2124 1958 ut
2146 1886 2250 1982 quali-

221 2019 315 2078 stum
329 1995 592 2092 praedicamus,
627 2009 692 2060 ceu
712 2011 786 2057 non
803 1985 1011 2078 simpliciter
1034 1991 1216 2055 veisernur
1265 2001 1461 2080 serenaque
1484 1997 1642 2076 coeptam
1669 1986 1895 2059 concordiam
1918 1987 1950 2058 ei
1972 1999 2118 2060 tueatur
2146 2002 2177 2060 er
2196 2011 2248 2057 vr-

222 2101 481 2184 tetrasemos,
501 2093 739 2165 deficiamusa
756 2089 959 2181 praedicata
975 2089 1141 2174 veritate,
1167 2083 1218 2154 si·
1267 2103 1358 2160 stros
1391 2099 1538 2158 conatus
1573 2087 1675 2157 vobis
1709 2088 1861 2160 maxime
1894 2089 2118 2182 perniciosos
2151 2089 2245 2161 factet,

221 2229 302 2282 ”¹¹¹³
315 2200 385 2275 h⁰⁶
402 2199 500 2296 qu⁰d
515 2208 618 2268 ⁸⁰¹¹&
633 2217 701 2263 Ἥ
725 2186 934 2277 ssttdtltt,
966 2215 1035 2284 q⁰⁰
1061 2211 1127 2260 ¹¹⁰⁸
1148 2211 1218 2256 ¹¹⁰·
1268 2189 1435 2262 Proxime
1468 2189 1660 2260 accessistis
1694 2190 1909 2262 confessioni
1941 2193 2104 2266 veritatis
2141 2193 2246 2286 plenae

222 2311 320 2384 mine
328 2298 407 2376 Leo
423 2315 545 2372 noster
553 2293 740 2392 insignivit
751 2293 908 2365 scribens
918 2295 961 2362 ad
973 2285 1218 2364 Guils‘elmam
1268 2291 1446 2376 Basileae,
1477 2292 1563 2361 dum
1581 2304 1697 2361 tamen
1714 2293 1838 2364 sormis
1852 2293 2051 2388 scripturae
2065 2310 2182 2390 aperte
2198 2294 2251 2364 ad·

224 2438 250 2486 a
269 2404 357 2481 Zeti
371 2408 471 2501 pium
491 2401 637 2496 quidem
662 2396 870 2467 sennionem
890 2389 960 2496 [i],
1003 2395 1065 2464 sed
1088 2393 1151 2487 quai
1177 2415 1219 2460 eo
1271 2391 1340 2466 huc
1355 2393 1615 2480 contradicitis,
1638 2393 1851 2467 affirmantes
1867 2396 2075 2470 ministrum
2089 2393 2180 2468 nihil
2194 2393 2252 2464 ῃῐςῑ

225 2512 407 2611 pervenit,
444 2505 583 2578 utiam
613 2499 814 2570 ministerio
840 2513 963 2569 nostro
984 2521 1060 2566 non
1088 2507 1220 2566 utatur.
1271 2499 1411 2588 signum
1435 2489 1624 2580 exhibere,
1659 2521 1730 2590 quo
1756 2511 1858 2589 pm„
1887 2523 1963 2570 non
1984 2513 2079 2572 em,
2109 2499 2255 2570 minim

227 2617 281 2690 lta
303 2611 389 2687 haec
410 2605 646 2701 Respublica,
679 2627 768 2697 quae
787 2600 914 2671 inelius
936 2623 1076 2692 semper
1091 2595 1221 2666 mereri
1269 2595 1424 2680 Christi,
1458 2622 1532 2667 non
1548 2597 1643 2668 enim
1657 2597 1920 2672 administraret
1934 2603 2147 2699 mysterium
2161 2595 2256 2674 Chri.

228 2723 274 2793 de
289 2715 413 2789 vestris
428 2710 543 2784 voluit
559 2731 664 2802 quam
679 2685 787 2775 ve'stri
814 2704 1006 2774 voluerunt
1023 2701 1222 2782 admittere,
1271 2703 1316 2774 sti
1337 2713 1371 2772 et
1392 2699 1575 2792 spiritum,
1608 2701 1670 2769 sed
1692 2700 1832 2772 literam
1853 2705 1978 2775 modo:
2010 2719 2110 2778 certe
2129 2703 2258 2776 sancto·

229 2822 360 2918 passim
382 2843 402 2888 a
421 2814 523 2885 vobis
548 2809 776 2880 insimulatur
798 2806 838 2875 in
867 2805 1026 2898 periculo
1052 2825 1145 2884 esse,
1182 2813 1223 2872 ut
1272 2829 1354 2876 rum
1376 2802 1521 2873 calculis
1538 2825 1641 2872 causa
1664 2803 1796 2874 cadetis
1817 2819 1852 2877 et
1866 2828 2006 2897 gravem
2030 2808 2122 2878 iram
2137 2801 2261 2878 Christi

231 2927 381 2999 altentm
401 2910 814 2994 Monasteriumevadat,
846 2919 1062 2978 cumtamen
1079 2905 1124 2974 ab
1141 2916 1224 2972 ortu
1273 2908 1312 2976 in
1327 2929 1388 2976 vos
1403 2904 1651 2980 conciliabitis.
1702 2905 2085 3001 Aliatemporasuot,
2119 2907 2260 3002 amplior

232 3042 406 3102 sectarum
429 3039 613 3110 nunquam
637 3013 757 3082 oristas
786 3005 844 3079 hic
873 3008 1013 3080 sectarii
1035 3007 1226 3076 valuerunt
1275 3010 1389 3080 crucis
1419 2999 1554 3079 Christi
1584 3007 1760 3097 cognitio,
1802 3006 2062 3084 debacchatum
2101 3011 2183 3083 satis
2208 3021 2260 3082 est,

235 3153 340 3228 qaam
359 3125 487 3206 modo,
520 3111 1223 3208 nunquamsaeviusinsectariosactum
1276 3113 1352 3183 lmo
1372 3101 1592 3206 Philippus,
1627 3122 1765 3182 etcum
1788 3135 1828 3182 eo
1850 3111 1913 3182 alii
1929 3113 2081 3206 plurimi
2097 3115 2162 3186 toti
2178 3113 2215 3182 in
2227 3133 2259 3180 eo

233 3233 291 3307 sit.
344 3227 387 3300 ln
405 3223 459 3296 his
476 3221 557 3316 quia
571 3219 683 3288 multa
699 3239 789 3286 vana
807 3229 889 3285 sunt
907 3228 945 3284 et·
956 3226 1094 3306 praeter
1108 3205 1227 3281 chari·
1276 3229 1377 3298 sunt,
1410 3224 1450 3282 at
1465 3235 1658 3306 paucorum
1686 3213 1930 3312 intemperiem
1951 3231 2137 3304 avertant,
2169 3211 2263 3288 Chri-

235 3335 317 3409 tatis
347 3327 505 3420 regulam
539 3321 675 3412 agitur,
711 3320 842 3390 trustra
875 3315 964 3386 boni
993 3315 1227 3384 offenduntur
1276 3331 1368 3388 stum
1392 3314 1431 3384 in
1455 3315 1556 3384 vohis
1578 3315 1770 3388 defendant
1790 3330 1825 3389 et
1851 3317 2096 3409 magnificent.
2147 3315 2264 3390 Etvos

235 3437 351 3512 alieno
385 3445 543 3520 ternpore
583 3445 652 3513 pax
693 3433 729 3491 et
764 3421 953 3490 concordia
992 3429 1228 3511 respuuntur3
1276 3419 1327 3490 sic
1353 3417 1516 3510 propitiis
1546 3415 1638 3485 divis
1669 3417 1880 3490 revocabitis
1911 3421 1991 3491 orbi
2015 3423 2157 3494 bellum
2182 3416 2265 3490 istud

236 3559 362 3629 magna
383 3545 434 3602 est
452 3525 619 3598 securitas
640 3547 714 3592 non
732 3523 803 3593 suis
819 3522 955 3592 viribus
976 3520 1085 3604 fulta,
1118 3511 1228 3586 vehe-

236 3653 374 3714 menter
387 3655 532 3715 vereor,
557 3625 704 3720 nequid
721 3625 787 3717 ipsi
806 3624 907 3694 vobis
922 3623 1012 3694 detis
1029 3623 1228 3716 incomm07

237 3737 287 3818 di.
327 3738 386 3810 Tu
402 3732 544 3815 scribis,
565 3729 666 3798 vobis
681 3729 756 3798 lore
772 3721 918 3818 posthac
934 3725 1103 3794 maiorem
1119 3721 1229 3792 ratio-

1278 3519 1441 3592 exitiale?
1479 3515 1533 3589 Eo
1549 3529 1650 3609 pacto
1666 3543 1748 3611 ergo
1764 3521 1892 3594 sistetis
1907 3525 2122 3614 sanguinem
2137 3533 2266 3594 sancto·

1279 3647 1359 3694 rum
1375 3623 1414 3690 in
1430 3618 1574 3692 Gallia?
1606 3623 1858 3712 promovebitis
1872 3649 2015 3697 marsum
2031 3625 2220 3718 Evangelii
2235 3622 2267 3691 in

1280 3723 1410 3814 Anglia
1435 3739 1467 3796 et
1490 3722 1527 3790 in
1550 3721 1693 3794 Scotia?
1737 3739 1771 3794 et
1793 3725 1870 3816 paci
1893 3727 2099 3802 inservieris
2125 3726 2268 3800 Germa·

239 3869 322 3918 nem
357 3855 390 3911 et
420 3830 668 3906 authoritatem
692 3829 868 3914 veritatis,
907 3828 1083 3897 minorem
1111 3820 1230 3894 homi-

239 3968 347 4028 num,
380 3953 415 4011 et
433 3939 482 4009 ita
499 3935 648 4003 iniurias
668 3925 891 4002 Lutheranas
905 3930 1059 4012 laturos,
1085 3941 1126 3998 ut
1145 3929 1232 3996 sim-

239 4051 349 4143 plices
365 4039 558 4135 aliquando
572 4035 735 4119 videant,
768 4033 863 4128 quod
881 4031 1017 4101 nullius
1032 4025 1230 4100 Lutherum

240 4153 370 4244 pudeat
399 4137 585 4214 mendacii.
651 4133 700 4208 Ut
730 4136 841 4206 solius
871 4133 1029 4203 veritatis
1056 4133 1230 4202 rationem

240 4250 399 4326 habeatis
414 4245 516 4314 valde
536 4242 701 4316 obsecro,
726 4251 760 4308 et
777 4262 839 4328 pro
856 4231 922 4306 hac
944 4235 1050 4305 etiam
1069 4229 1233 4304 homines

241 4351 379 4430 odisse?
429 4345 566 4416 Verum
587 4340 730 4412 interim
749 4335 932 4410 Christum
958 4338 995 4406 in
1021 4335 1094 4406 suis
1109 4331 1233 4406 homi-

241 4459 350 4530 nibus
365 4447 564 4542 agnoscite,
586 4459 621 4516 et
637 4467 730 4528 non,
755 4443 840 4512 dum
858 4440 965 4512 vultis
981 4439 1095 4508 videri
1112 4453 1234 4532 patro·

241 4563 281 4632 ni
297 4573 368 4630 tam
384 4549 521 4625 strenui
536 4545 714 4628 veritatis,
746 4545 814 4635 ipsi
837 4545 924 4613 adeo
948 4555 1067 4612 contra
1091 4565 1233 4632 omnem

242 4661 427 4733 veritatem
443 4649 601 4723 scribite:
625 4641 823 4718 Lutherum
836 4645 970 4716 nullius
985 4645 1118 4738 pudere
1133 4667 1235 4712 men·

243 4763 346 4838 dacii.
399 4757 553 4830 Laborat
568 4751 630 4820 ille
647 4745 715 4820 hoc
730 4749 845 4830 malo,
875 4761 915 4818 ut
939 4771 1025 4842 quas
1043 4747 1235 4840 aliquando

243 4863 388 4942 admisit
410 4861 454 4929 de
480 4853 645 4946 Zvinglio
674 4853 778 4922 falsas
800 4851 1005 4945 opiniones,
1045 4871 1103 4919 eas
1128 4845 1237 4916 nimis

244 4962 473 5066 pertinaciter
493 4957 628 5030 tribuat
649 4957 835 5036 omnibus,
868 4953 932 5046 qui
955 4945 1052 5022 hunc
1071 4951 1238 5020 videntur

244 5067 382 5144 sectari.
435 5059 483 5135 Ut
504 5083 567 5129 vos
591 5059 708 5152 itaque
723 5081 801 5127 cam
818 5055 974 5146 Zvinglii
994 5068 1071 5124 tum
1089 5067 1237 5124 vestram

245 5167 488 5245 innocentiam
507 5161 724 5245 defendatis,
754 5159 814 5228 sed
833 5183 873 5228 ex
890 5183 973 5226 vero
992 5170 1025 5226 et
1038 5157 1124 5225 citra
1141 5179 1240 5222 com-

245 5275 454 5348 munionem
478 5265 574 5346 vitii,
612 5265 708 5356 qarod
732 5261 966 5353 impugnatis,
998 5281 1103 5328 nemo
1125 5259 1241 5328 bono-

1280 3826 1384 3897 niae?
1417 3823 1576 3916 Augusta
1591 3825 1697 3895 modo
1713 3840 1748 3898 et
1764 3825 2026 3902 ancoiurdia
2048 3828 2120 3902 hoc
2134 3827 2270 3900 nomiae

1281 3933 1503 4001 deseruntur.
1555 3922 1756 3999 Accesserat
1772 3927 2008 4023 Reginopolis
2032 3934 2076 4004 in
2099 3932 2205 4004 initio
2220 3952 2272 3999 er·

1282 4035 1414 4105 tinctus
1441 4042 1587 4102 conatus
1614 4043 1683 4116 est,
1727 4032 1845 4125 quod,
1884 4034 1991 4104 nobis
2027 4035 2273 4113 concordibus,

1285 4159 1358 4206 non
1385 4133 1509 4204 luisset
1528 4134 1678 4220 iactnm3
1712 4135 1755 4203 ad
1774 4127 1861 4204 haec
1879 4137 1965 4207 dare
1981 4125 2209 4210 occasionem
2224 4135 2274 4204 io·

1283 4236 1508 4332 tempestivas
1538 4257 1674 4327 pugnas
1704 4251 1739 4310 et
1766 4235 1992 4309 imminutam
2023 4241 2275 4333 professionem

1284 4339 1462 4416 veritatis,
1492 4338 1571 4430 quis
1594 4361 1667 4405 non
1689 4339 1892 4410 execratur?
1924 4332 1983 4412 ¹Si
2007 4327 2133 4413 tamen
2156 4340 2278 4412 Helve-

1285 4444 1416 4516 tiorum
1431 4435 1596 4509 Christus
1613 4454 1681 4519 est,
1716 4441 1866 4532 pergite:
1900 4443 1977 4528 sin,
2009 4445 2187 4516 sustinete
2206 4439 2290 4510 imi·'

1285 4544 1353 4616 tari
1370 4541 1537 4626 Paulum,
1569 4553 1609 4610 ut
1626 4541 1688 4610 ubi
1711 4543 1983 4616 fundamentum
2000 4541 2172 4617 Christus
2190 4545 2280 4624 iacet,

1286 4648 1335 4717 ibi
1354 4645 1438 4716 lerri
1462 4659 1496 4715 et
1518 4644 1610 4712 ferre
1628 4644 1748 4714 orneris
1770 4671 1844 4715 non
1865 4647 2089 4738 gravemini,
2124 4673 2196 4743 qno
2210 4667 2282 4739 per-

1287 4761 1353 4822 stet
1376 4761 1411 4818 et
1435 4740 1651 4838 provehatur
1677 4748 1773 4838 quod
1801 4764 1963 4843 coeptura
1994 4763 2062 4824 est.
2125 4749 2220 4821 Haec
2242 4745 2281 4816 ad

1288 4865 1367 4924 tuas
1381 4849 1526 4934 alteras,
1559 4847 1609 4916 mi
1631 4843 1849 4938 Bullingere.

1392 4949 1449 5029 Ad
1472 4963 1568 5030 tuas,
1605 4949 1654 5016 mi
1677 4944 1879 5022 charissime
1900 4945 2000 5036 Leo,
2035 4979 2122 5026 cnm
2161 4958 2228 5027 iam
2249 4975 2284 5022 er

1290 5053 1416 5124 maiori
1431 5065 1527 5144 parte
1543 5075 1751 5142 responsum
1767 5055 1829 5139 sit,
1855 5069 2032 5148 quantum
2050 5061 2200 5153 quidem
2215 5059 2286 5126 lite-

1291 5157 1340 5228 ris
1356 5154 1561 5247 responderi
1577 5169 1700 5247 queat,
1733 5150 1818 5226 haec
1835 5157 1962 5249 accipe.
2018 5158 2205 5232 Lutherus
2220 5181 2285 5228 non

1292 5257 1461 5330 alienavit
1475 5277 1560 5347 nos,
1594 5259 1653 5325 sed
1671 5281 1751 5327 cum
1768 5273 1982 5330 conventum
1999 5283 2111 5354 spero
2134 5279 2169 5334 et
2182 5261 2287 5332 literis

247 5375 327 5450 f‘um
345 5368 571 5464 improbabit.
622 5361 699 5456 Ego
715 5365 789 5457 ipse
815 5364 854 5430 in
878 5359 1138 5433 commentariis
1155 5360 1242 5428 meis
1294 5363 1397 5430 video
1429 5383 1555 5453 parurn
1588 5358 1707 5450 perlici
1737 5373 1772 5430 et
1799 5361 1961 5451 plurimis
1984 5381 2183 5458 occupatus
2206 5387 2288 5436 sunt.

250 5475 487 5552 irrRomanos
508 5469 713 5560 Zvinglium
733 5464 899 5550 delendi,
933 5464 977 5533 de
999 5475 1140 5556 peccato
1168 5461 1243 5532 ori·
1294 5465 1448 5556 denique
1471 5463 1516 5532 ad
1542 5483 1685 5530 ansanum
1713 5463 1806 5532 nulli
1828 5463 1970 5535 luerunt
1988 5463 2196 5556 tabellarii,
2230 5463 2288 5537 leci
