4652 6178
65 283 129 358 us
557 259 562 266 ’
617 261 1048 379 obsessiones
1101 270 1512 354 acaunuscas.
2017 285 2093 362 eu

73 490 80 496 ·
131 455 199 528 Sed
224 467 347 526 contra
370 443 583 548 opponitur,
611 457 823 554 Tyrannum
846 483 921 529 non
940 481 1049 554 quae-
1203 441 1373 542 l'ropooo
1388 463 1505 522 sutem
1518 452 1761 548 quaestionem
1774 455 1819 530 de
1833 453 1967 530 Terrae
1981 473 2093 548 motu,

64 561 175 631 sivisse
198 559 444 651 principaliter
469 561 675 651 pecuniam,
706 563 807 632 cuius
833 577 949 634 cristus
974 573 1050 631 erat
1101 553 1146 622 dc
1168 575 1237 646 quc
1259 567 1300 626 ut
1322 553 1532 646 cogitarem,
1565 557 1618 626 rei
1635 555 1822 630 inusitatae
1842 563 2030 634 aiimiratio
2054 566 2093 634 in

64 661 285 744 Laurentius,
309 663 370 730 sed
392 663 658 753 oppressionem
674 661 871 749 Ecclesiae,
898 679 1049 734 etever-
1101 669 1291 728 causaest.
1340 653 1462 726 Audio
1485 657 1580 726 enim
1602 653 1667 730 hac
1692 675 1821 732 aestate
1846 665 1996 734 terribili
2021 681 2092 737 tre-

64 766 191 835 sionem
215 763 322 834 tetius
339 761 552 850 Ministecii,
579 782 698 858 erepta
722 789 761 836 ea
787 767 952 857 persenia,
978 789 1049 859 qua
1102 781 1200 826 more
1221 781 1425 828 concussam
1450 781 1524 828 esse
1553 773 1661 832 totam
1684 787 1782 834 oram
1808 765 1891 832 inde
1915 791 2027 861 usque
2048 771 2093 839 ab

64 867 241 938 alebantur
254 867 420 936 docentes
434 879 469 936 et
488 868 618 938 caeteri
637 881 778 957 egentes
794 869 832 938 in
849 868 909 938 illa
925 865 1049 938 Eccle-
1101 856 1271 928 flaccinis
1293 862 1337 928 nd
1354 858 1535 930 Dccsdsm·
1587 859 1678 932 Cum
1702 880 1818 935 autem
1835 863 1969 938 Medici
1992 895 2094 962 prae-

64 971 118 1040 sia.
155 966 240 1040 Fuit
253 965 362 1056 igitur
380 968 418 1036 in
437 969 497 1038 illa
509 967 694 1040 Laurentii
709 971 928 1040 recusatione
942 969 1049 1039 etiam
1101 961 1203 1052 cipue
1228 959 1266 1030 in
1285 961 1570 1034 consideratione
1592 978 1739 1035 naturae
1756 981 1962 1052 versentur,
1988 986 2021 1042 et
2037 999 2094 1046 re-

65 1095 156 1142 mus
176 1069 417 1141 consessionis,
477 1070 568 1140 Num
591 1073 621 1140 si
643 1072 845 1145 tradidisset
873 1072 1047 1163 praesecto
1101 1085 1184 1130 cens
1199 1061 1244 1132 sit
1258 1057 1324 1132 hoc
1340 1064 1554 1156 prodigium,
1572 1068 1692 1136 censui
1710 1070 2001 1158 interrogandum
2020 1097 2094 1146 esse

64 1172 255 1244 reconditos
271 1167 455 1242 thesauros
471 1168 666 1255 Ecclesiae,
694 1174 912 1265 praebuisset
931 1173 1050 1244 cilica—
1102 1159 1198 1233 ltunc
1222 1188 1355 1234 ttovtun
1378 1163 1585 1236 Ductorem:
1622 1167 1680 1236 Aa
1710 1166 1934 1268 sufficientes
1963 1199 2095 1248 causae

66 1300 132 1345 tem
161 1297 300 1344 caueam
333 1274 479 1343 delendi
510 1275 744 1366 ''finiseegium
777 1273 982 1366 Evangelii,
1015 1287 1050 1344 ee
1102 1274 1220 1334 terroe
1234 1273 1397 1335 motuum
1412 1263 1557 1338 ostendi
1566 1271 1721 1363 possint,
1738 1283 1769 1341 et
1782 1297 1833 1341 an
1850 1271 1964 1344 uliud
1973 1277 2095 1372 signi.

65 1375 291 1448 confirmandi
307 1376 423 1446 cultus
439 1377 638 1462 idolorum,
666 1379 777 1470 pulsis
798 1393 859 1448 aut
881 1380 973 1448 lame
986 1400 1050 1446 ne-
1090 1361 1218 1461 fissnt,
1243 1363 1389 1464 phisici·
1404 1364 1550 1472 effecius
1565 1365 1771 1468 physicos?
1800 1375 1889 1446 Nam
1908 1381 1953 1448 de
1968 1381 2094 1454 ellectu

65 1479 143 1550 catis
157 1479 225 1571 piis
239 1479 447 1549 doctoribus
461 1493 495 1550 et
509 1480 680 1550 ministris
696 1476 884 1552 Ecclesiae.
917 1477 967 1552 Ut
981 1478 1050 1569 igi·
1105 1466 1253 1564 Physica
1277 1470 1394 1565 inquit
1411 1473 1562 1543 Seneca:
1595 1473 1728 1546 Terrae
1748 1491 1864 1548 moires
1879 1481 2019 1554 adferre
2037 1485 2095 1554 di-

65 1595 118 1650 tur
130 1582 348 1664 ostenderet,
374 1603 411 1650 se
431 1582 547 1651 cuitus
567 1583 747 1652 idolorum
765 1584 857 1652 serio
873 1579 1049 1669 detestari,
1103 1597 1178 1641 recu
1194 1573 1289 1642 luem
1306 1573 1502 1664 pecudibus
1519 1588 1553 1644 et
1569 1570 1786 1649 hominibus.
1841 1577 1928 1652 Eius
1951 1583 2094 1660 effectus

67 1697 97 1752 et
110 1683 343 1754 ministerium
361 1707 464 1752 verae
476 1679 651 1754 Ecclesiae
668 1685 781 1778 pluris
795 1685 921 1768 fucere,
942 1707 1049 1777 quam
1103 1673 1206 1744 etiarn
1225 1675 1368 1744 difficile
1385 1689 1437 1746 esi
1450 1699 1589 1746 calisam
1606 1683 1800 1750 ostendere.
1840 1681 1929 1754 Nam
1945 1709 2095 1778 corpora

67 1781 221 1880 Tyranni
241 1785 378 1870 minas,
408 1809 488 1854 cum
512 1801 628 1858 custos
652 1801 741 1858 essct
764 1787 863 1857 iilius
887 1785 1050 1878 publicae
1102 1777 1339 1846 animantium
1354 1801 1428 1848 non
1444 1793 1628 1848 mutantur
1643 1783 1785 1873 proprie
1802 1785 1877 1876 ipso
1895 1801 2007 1858 terrae
2023 1804 2095 1862 tre-

67 1889 247 1978 pecuniae‚
269 1887 396 1956 maluit
413 1888 520 1958 vitam
541 1890 773 1981 profundere,
799 1913 905 1983 quam
928 1901 1051 1980 poelli·
1103 1903 1213 1949 more.
1263 1876 1340 1948 Elsl
1357 1893 1472 1950 autem
1491 1883 1662 1951 decausis
1685 1886 1894 1982 propinquis
1914 1893 2095 1964 coniecit}-

67 1989 148 2060 hnfi
166 1989 343 2060 praesecto
360 1989 546 2081 pecuniam
560 1987 713 2061 „lienam
730 1994 890 2088 prodere,
1103 2005 1162 2050 rac
1182 1980 1294 2070 magis
1319 1982 1444 2051 obviae
1471 1997 1573 2068 suut,
1606 1985 1769 2058 videlicet
1789 1991 1833 2060 de
1855 1993 1999 2062 materia
2017 2021 2095 2064 rno-

1104 2097 1226 2168 vente,
1252 2097 1370 2154 tamen
1394 2085 1438 2154 de
1463 2109 1564 2154 causa
1590 2085 1724 2177 priore,
1749 2115 1840 2184 quae
1860 2092 1929 2164 ciet
1951 2089 2096 2180 halitus,

1105 2209 1166 2254 seu
1183 2199 1318 2264 ventos,
1341 2209 1402 2254 seu
1418 2209 1547 2278 aquam
1564 2187 1602 2255 iu
1618 2201 1731 2260 terrae
1745 2193 1948 2280 visceribus,
1969 2218 2096 2288 magna

1106 2301 1158 2358 est
1175 2285 1380 2357 obscuritas.
1430 2285 1655 2360 Democritus
1672 2291 1779 2376 siixit,
1805 2319 1931 2389 aquam
1949 2297 1984 2368 in
2003 2286 2096 2372 tessal

1106 2389 1300 2472 inclusam,
1326 2413 1405 2458 cum
1429 2389 1542 2458 nimio
1563 2391 1708 2462 adiiusu
1726 2394 1945 2480 intumescit,
1966 2426 2098 2474 concas-

1107 2504 1180 2561 tere
1201 2503 1340 2559 terram.
1392 2485 1442 2560 Et
1463 2491 1700 2562 coniecturam
1724 2489 1817 2567 hanc
1845 2502 1983 2588 recitat,
2013 2505 2097 2597 quia

1107 2603 1187 2686 post
1203 2605 1316 2662 terrae
1330 2605 1466 2660 motrun
1481 2595 1580 2686 sequi
1593 2597 1849 2668 excruciationes
1863 2603 2030 2674 usitatum
2041 2607 2098 2691 sit,

1106 2708 1147 2765 ut
1162 2693 1216 2762 bis
1232 2692 1326 2762 intra
1346 2717 1475 2785 paucos
1489 2719 1602 2764 auersos
1618 2696 1722 2767 etiam
1741 2699 1777 2768 in
1791 2698 1985 2776 Germania
2000 2731 2098 2777 cosn-

1109 2795 1274 2889 perimus.

1210 2897 1301 2968 Nam
1319 2911 1400 2968 ente
1415 2897 1613 2970 octodecim
1628 2925 1740 2972 annos
1755 2901 1890 2976 Terrae
1905 2921 2041 2980 motum
2060 2913 2099 2984 in

1109 2997 1263 3094 Alpibus
1277 3013 1413 3070 secutae
1429 3016 1511 3070 scint
1530 3025 1675 3092 magnae
1691 3009 1964 3096 excruciationes,
1989 3027 2023 3083 et
2041 3039 2099 3086 re-

165 2142 234 2216 Sed
254 2141 430 2236 obiiciunt
450 2163 574 2212 rursus
595 2168 637 2213 ex
659 2142 762 2214 libris
785 2143 911 2214 uestris
930 2141 1053 2236 aliqui,

70 2245 183 2314 omnia
201 2267 272 2314 esse
289 2241 525 2338 imperatoris.
578 2243 675 2336 Ergo
693 2247 798 2316 etiam
825 2245 923 2316 iiiam
947 2269 1055 2338 pecu·

73 2347 165 2414 niam
180 2343 352 2416 Ecclesiae
373 2345 526 2438 potuisse
545 2348 726 2418 vendicari
748 2345 962 2420 aPcaeiectu
983 2345 1055 2416 lm-

74 2449 247 2538 peraturis.
300 2448 350 2520 De
373 2443 438 2520 hac
464 2464 580 2518 autem
606 2464 679 2522 tota
699 2451 925 2544 quaestione,
957 2451 1054 2520 etde

72 2549 162 2620 dictu
176 2551 235 2622 iiio
253 2551 390 2640 vrslgari
406 2549 491 2646 quid
510 2551 735 2622 sentiendum
752 2552 809 2632 sit,
836 2565 916 2643 peto
932 2551 1055 2620 claris-

70 2651 152 2720 sime
169 2641 656 2740 DumiueDoctorGlsilioue,
673 2669 713 2726 ut
729 2667 825 2724 tuam
842 2651 1053 2724 sententiaro

70 2755 167 2828 uobis
182 2777 347 2848 exponas.
398 2753 512 2851 Dixi„

83 3130 143 3206 No,
164 3131 231 3210 55,
424 3109 428 3114 ’
777 3137 1043 3222 pqgepmffl,
1109 3127 1191 3175 cens
1224 3102 1262 3170 iu
1296 3103 1405 3172 iussas
1437 3104 1630 3174 metallicas
1662 3105 1940 3180 Mansieldenses
1970 3117 2098 3206 passim

73 3227 243 3264 ’Ν
761 3227 1057 3278 arv-»²
1109 3229 1200 3302 aqua
1218 3203 1377 3291 inilrrxit,
1402 3217 1436 3274 et
1450 3205 1565 3275 crebri
1587 3222 1671 3280 scirit
1686 3207 1818 3280 Terrae
1841 3227 1956 3284 mutus
1981 3217 2017 3286 in
2033 3219 2100 3288 iit·

127 3337 157 3396 ln
175 3341 294 3412 stsest.
315 3359 342 3408 p.
359 3335 440 3396 tais.
460 3357 520 3464 sqq.
533 3347 559 3394 et
571 3337 600 3393 in
613 3335 669 3393 Sei.
686 3337 837 3395 Declamas.
857 3337 949 3396 T.1V.
963 3335 1058 3412 pm.
1109 3309 1258 3380 loribus·

164 3411 299 3470 asciare.
310 3410 345 3466 Τ.
358 3409 380 3466 t.
398 3429 426 3484 p·
439 3411 473 3464 ss
1213 3406 1392 3502 Quodque
1402 3407 1561 3479 Siciliam
1579 3413 1624 3482 ab
1641 3409 1739 3483 ltalia
1754 3427 1867 3486 terrae
1883 3434 1982 3490 motu
1998 3423 2101 3494 avul-

1110 3537 1186 3586 sam
1209 3535 1282 3580 esse
1306 3525 1471 3594 narrant,
1495 3513 1587 3581 mole
1602 3537 1776 3606 aquarum
1800 3520 1930 3590 lacteam
1948 3523 2101 3612 videtur,

1110 3633 1151 3690 ut
1168 3613 1338 3703 Virgilius
1353 3613 1469 3708 inquit
1484 3615 1527 3683 de
1543 3613 1681 3686 Sicilia:

1188 3721 1271 3784 Haeo
1285 3725 1351 3784 locs
1369 3727 1400 3784 ri
1415 3723 1567 3806 quondam
1581 3739 1610 3786 et
1624 3737 1704 3786 vaste
1719 3731 1861 3790 conculsa
1880 3735 1977 3805 ruins,

71 3565 242 3649 Quaestio
269 3569 432 3638 recitato
459 3567 647 3638 cereto
674 3562 838 3654 Edere,
856 3562 971 3664 'filim
997 3564 1059 3638 die

68 3665 121 3740 tu.
138 3675 243 3763 Sept.
253 3719 270 3756 ,
297 3689 384 3740 cum
407 3663 676 3740 decerneretur
696 3665 841 3762 prodeas
855 3671 1059 3741 Doctorum

73 3771 108 3838 in
124 3783 205 3846 alle
230 3769 380 3846 medica
403 3773 456 3844 Μ’
482 3768 688 3842 Iohanni
715 3794 740 3844 a
764 3773 902 3860 ΒΜ
932 3774 1060 3844 wm-
1187 3821 1337 3903 (Tantum
1354 3829 1420 3886 sevi
1435 3829 1599 3910 longinqua
1616 3831 1822 3890 saletmutsre
1839 3835 1982 3914 retustss)

386 3873 521 3964 ΝΜ
548 3895 613 3946 ‘m'
631 3871 739 3948 ¹⁵5&
1122 3947 1126 3958 ¹
1188 3923 1353 3990 Dissiiiisse
1370 3929 1489 4004 terrant,
1514 3949 1584 3990 cum
1605 3935 1743 4012 protinus
1758 3947 1884 4018 artesque
1898 3941 1987 3998 tellus

67 4009 534 4100 Nouestnostraeaetatis,
557 4045 696 4092 causam
712 4045 891 4116 quaerere,
915 4034 1061 4112 propter
1189 4027 1371 4108 Uusibret,
1398 4033 1593 4094 versitmedio
1614 4037 1643 4092 rt
1661 4047 1790 4114 pontus,
1817 4039 1948 4100 eterrsdts
2083 4103 2090 4118 ,

67 4149 166 4218 quarn
190 4123 335 4217 sapiens
365 4123 557 4216 antiquitas
582 4124 732 4196 voirserit
762 4147 889 4213 pueros
912 4123 950 4190 iu
974 4147 1061 4192 cern·
1189 4129 1369 4215 Hesperium
1387 4135 1481 4193 siculo
1497 4137 1573 4195 taius
1588 4137 1730 4208 abscidit,
1754 4158 1881 4221 ermque
1896 4153 1925 4201 es
1940 4125 2026 4204 urbes

65 4249 157 4298 sessu
178 4243 232 4300 tot
259 4247 403 4308 senum,
440 4249 592 4320 quorum
620 4241 673 4296 est
698 4227 826 4294 eximia
849 4225 1004 4294 eruditio
1027 4240 1061 4294 et
1190 4231 1310 4297 Littera
1323 4235 1457 4296 dtdoctss
1471 4257 1597 4318 sugerem
1613 4243 1747 4299 interluit
1761 4253 1855 4305 resim

66 4335 235 4418 gravitas,
264 4327 400 4420 aliquid
415 4328 552 4412 dicere,
572 4329 633 4398 sed
652 4329 849 4396 verecunde
866 4351 932 4395 niu
949 4323 1062 4396 laone-
1113 4330 1267 4400 ‘l'aliiurs
1281 4331 1492 4400 coniecturis
1511 4347 1625 4402 moises
1641 4331 1876 4422 Democritus,
1899 4361 2037 4410 causam
2056 4341 2105 4410 ait

64 4433 123 4500 stis
139 4429 316 4504 institutis
332 4432 576 4522 obtemperare
592 4433 702 4502 decet.
754 4425 926 4498 Fortassis
943 4442 1060 4498 autern
1115 4457 1189 4502 esse
1204 4457 1346 4524 :equuus-

66 4532 143 4603 ideo
158 4531 231 4604 larse
248 4531 477 4613 adducimur,
503 4545 544 4602 ut
560 4532 738 4602 iutueutes
754 4523 839 4599 baec
853 4531 1061 4620 spectacula,
1217 4535 1287 4604 Sed
1307 4533 1455 4624 opponit
1477 4533 1545 4600 alia
1564 4533 1661 4622 signa
1681 4531 1908 4620 Aristoteles,
1936 4539 1984 4610 ait
2003 4557 2105 4636 rupta

66 4637 182 4706 statim
201 4661 224 4706 a
251 4634 382 4704 teucris
399 4633 574 4702 discamus
596 4628 761 4702 honestas
777 4645 870 4702 artes
891 4647 924 4702 et
945 4632 1062 4700 nomi-
1114 4649 1206 4707 terra
1222 4657 1323 4726 saepe
1339 4657 1484 4722 magum
1501 4635 1774 4726 nauseantem,
1801 4655 1834 4709 et
1850 4641 1928 4710 eiiei
1947 4643 2105 4713 benarnae

67 4761 162 4824 nare,
189 4751 227 4808 et
243 4734 417 4816 venerari,
444 4735 630 4828 praecipue
647 4759 730 4804 aero
745 4735 789 4802 ad
807 4733 962 4802 medicae
976 4733 1062 4802 artis
1116 4737 1334 4809 etcinerem.
1387 4733 1467 4805 Nou
1488 4735 1595 4824 igitur
1611 4761 1699 4832 aqua
1719 4755 1771 4810 est
1789 4741 1973 4833 praecipua
1991 4769 2107 4840 causa.

67 4839 304 4910 reverentiam
329 4849 449 4904 nostra
471 4827 565 4905 aetas
589 4835 858 4905 adsuefacieuda
883 4849 953 4918 est,
978 4835 1063 4928 qsiia
1115 4839 1205 4910 Nam
1223 4851 1258 4910 et
1274 4837 1467 4932 quiesceret
1481 4861 1590 4930 aqua,
1614 4842 1642 4908 si
1661 4863 1734 4910 non
1753 4843 1897 4912 aliunde
1914 4835 2107 4934 agitaretur

65 4944 178 5013 merita
198 4943 300 5010 abes
317 4937 484 5007 beneficia
500 4937 616 5007 statim
633 4953 818 5034 postquam
838 4937 876 5005 in
893 4931 984 5006 hasac
1007 4937 1064 5006 iu-
1116 4955 1150 5011 et
1165 4939 1361 5022 iniiaretur,
1388 4961 1452 5008 uec
1470 4953 1583 5028 posset
1600 4955 1696 5011 tanta
1714 4943 1872 5016 celeritas
1886 4970 1958 5014 esse
1976 4962 2107 5018 tremo-

64 5069 138 5114 cem
158 5042 250 5113 editi
270 5061 410 5124 sumus,
436 5039 637 5130 accipimus.
689 5039 760 5110 Sed
784 5039 908 5110 omitto
933 5059 1064 5124 causas,
1117 5045 1185 5126 ris,
1210 5041 1238 5112 si
1260 5053 1398 5112 tssrtrsm
1419 5041 1514 5110 lieret
1537 5043 1814 5116 tumescentibus
1833 5047 1954 5142 aquis,
1981 5063 2014 5118 et
2032 5075 2110 5120 sae-

65 5159 207 5216 tautsun
234 5167 296 5212 vos
317 5165 402 5227 oro,
427 5155 467 5212 ut
490 5163 571 5210 cum
594 5141 728 5226 sciatis,
754 5163 820 5210 nos
842 5163 915 5210 nois
935 5141 1064 5211 debere
1117 5143 1260 5237 pissime
1277 5156 1368 5212 terra
1387 5157 1620 5232 rumperetur.
1658 5141 1707 5216 iit
1721 5169 1822 5237 saepe
1841 5163 1913 5218 non
1932 5151 2109 5249 rismpitup

65 5251 239 5336 sieisagere
275 5245 500 5316 autoritatem
538 5255 722 5335 parentum
758 5255 792 5312 et
826 5243 963 5332 legum,
1009 5265 1065 5312 nse
1118 5248 1297 5316 interrae
1326 5244 1490 5314 mosibus.
1551 5243 1713 5316 'l‘asuiem
1747 5247 1854 5336 igitur
1887 5241 2109 5342 prosteruciat,

63 5353 374 5440 obtemperantem
399 5345 580 5418 carissimo
604 5345 696 5440 patri
713 5369 791 5416 meo
810 5345 986 5438 patienter
1001 5369 1065 5414 au-
1119 5371 1281 5436 magnaso
1305 5345 1440 5437 copiam
1464 5341 1638 5418 balituum
1665 5349 1835 5418 inclusam
1861 5353 1898 5420 in
1922 5366 2034 5423 terrae
2051 5379 2109 5436 ca.-

62 5453 184 5522 diaiis.
911 5497 918 5512 .
1119 5448 1257 5536 vernis,
1282 5462 1450 5544 tanquam
1469 5463 1609 5534 ventos,
1635 5473 1698 5520 sua
1719 5451 1754 5521 vi
1779 5444 1926 5542 agitari,
1951 5469 1982 5525 et
2000 5457 2111 5548 agita-

111 5559 301 5623 dlscam.
325 5553 432 5628 Ossa.
458 5541 541 5626 Vos.
569 5551 617 5624 X.
1447 5547 1497 5620 68
