4686 6172
82 337 155 415 969
526 327 840 426 atu-LOQUIA
890 331 966 408 ET
1016 327 1252 408 BREVES
1303 327 1662 410 CONCIONES.
2029 327 2104 399 970

83 513 207 608 ltaque
222 509 286 583 etsi
302 510 371 580 iam
389 505 445 580 bis
461 521 624 602 expertus
640 531 738 590 snm,
763 529 859 577 meas
878 505 972 576 vires
987 531 1061 576 non
1115 519 1186 576 tem
1219 531 1283 596 per
1311 505 1474 596 ingentes
1498 529 1697 580 aerumnas.
1754 499 1928 594 Deplorat
1955 513 2105 596 uterque

81 637 272 710 essepares
291 607 556 694 huicmnneri,
581 625 797 682 tamencum
816 605 1062 702 mihipcaece-
1114 631 1196 676 suas
1212 609 1382 681 miserias.
1434 607 1689 702 Cupidoquod
1713 606 1859 686 missus,
1883 617 1924 676 ut
1948 629 2025 674 earu
2052 603 2104 672 al-

79 711 308 812 ptoreshanc
323 737 510 808 personam
526 712 769 804 imponerent,
792 713 985 791 detrectare
1002 735 1063 779 eo·
1118 711 1228 779 terius
1245 735 1366 779 amore
1391 711 1614 794 incenderet,
1642 709 1717 798 ipse
1731 733 1807 778 earn
1834 707 1997 798 deperire
2023 731 2104 776 coe-

79 842 163 892 rum
178 818 401 888 autoritatem
424 815 537 884 nolui.
588 811 662 882 Nec
677 825 795 882 metuo
816 807 1062 904 reprehensio·
1116 811 1220 902 perit.
1274 807 1454 906 illaquod
1477 812 1726 902 vaagabundum
1753 811 1919 880 iuvenem
1945 831 2026 878 raro
2049 831 2102 876 aa·

82 945 165 992 nem
184 917 382 1004 facilitatis,
408 919 493 988 dum
511 915 637 984 videor
659 939 794 984 morem
820 937 940 1003 gerere
959 937 1063 1004 prae·
1114 913 1212 1005 sequi
1232 915 1350 1003 possit.
1403 913 1499 984 Haec
1521 913 1650 982 sabella
1672 911 1756 982 satis
1781 909 1965 1002 perspicue
1988 907 2104 1002 pingit

82 1024 286 1115 captoribus
308 1021 347 1090 in
366 1041 403 1086 re
419 1019 499 1090 utili
517 997 669 1110 publicis
693 1017 830 1088 studiis.
883 1013 1003 1104 Quare
1029 1025 1063 1084 et
1115 1027 1273 1084 errantes
1292 1017 1503 1104 cupiditates
1520 1009 1699 1084 humanae
1716 1013 1856 1084 mentis.
1899 1011 2019 1100 Quare
2037 1014 2106 1082 do-

82 1147 145 1194 vos
161 1145 270 1213 rogo,
290 1147 335 1190 ne
352 1145 407 1190 me
425 1119 644 1210 impudentia
660 1119 796 1208 potius,
823 1141 929 1210 quarn
953 1117 1058 1186 officii
1099 1115 1228 1188 ,ctrina
1246 1131 1280 1186 et
1300 1119 1431 1210 pietate
1450 1120 1629 1188 discanaus
1645 1141 1768 1204 regere
1783 1115 1934 1188 animos.
1985 1113 2087 1184 Dixi.

81 1227 221 1297 ratione
244 1227 433 1293 adductum
463 1222 609 1312 putetis,
643 1233 682 1288 ut
706 1213 769 1287 has
791 1231 908 1310 partes
933 1217 1060 1288 iterum

82 1329 309 1418 susciperem.
370 1320 565 1394 Afferimus
588 1335 705 1391 autem
732 1321 935 1402 materiam,
973 1343 1063 1414 quae

84 1445 119 1500 et
142 1449 302 1498 exercere
334 1425 535 1514 ingeniosos
566 1435 698 1513 potest,
732 1435 766 1491 et
788 1417 966 1492 Ecclesiae
990 1422 1064 1490 uti·
1141 1467 1193 1538 No
1223 1463 1274 1542 34
1876 1477 1890 1540 1
1921 1475 1996 1540 Man
2013 1477 2095 1540 ¹⁵57

83 1531 129 1600 lis
161 1544 225 1601 est.
285 1521 423 1598 Omnes
462 1526 637 1618 sapientes
679 1523 848 1592 omnibus
889 1523 1063 1593 aetatibus
1119 1521 1293 1594 ...24
1873 1518 2106 1604 Q·

83 1632 338 1722 quaesiverunt
397 1649 517 1698 causas
578 1619 819 1694 humanorum
870 1625 1062 1696 malorum:

1744 1319 2103 1338 ‘man—u*

1182 1665 1214 1722 ln
1229 1667 1394 1723 Orationem
1409 1665 1501 1720 'loma
1518 1668 1550 1724 V.
1565 1689 1590 1742 p.
1602 1669 1633 1724 17
1645 1689 1702 1742 sq,
1723 1673 1749 1724 ἰιι
1763 1669 1947 1726 Orationibus
1963 1671 2108 1742 postremis

81 1732 191 1804 Unde
217 1745 356 1802 tantum
384 1731 429 1800 sit
456 1725 721 1798 calamitatum?
760 1726 863 1798 Unde
886 1739 958 1796 tam
978 1723 1064 1797 hor·
1218 1759 1245 1810 p
1262 1738 1305 1792 lt.
1320 1749 1348 1790 es
1362 1737 1433 1809 apud
1448 1737 1577 1794 tticbact.
1593 1739 1629 1796 u.
1643 1759 1670 1810 p.
1684 1741 1745 1796 896.

77 1837 194 1908 reuda
213 1833 376 1924 flagicia?
429 1827 502 1918 Qui
522 1830 599 1910 liat,
621 1841 660 1897 ut
687 1851 766 1896 cum
789 1843 943 1898 caeterae
968 1853 1065 1898 crea·
1217 1903 1226 1919 ‚
1349 1901 1357 1917 ·
1829 1907 1839 1922 ·

77 1949 185 2007 turae
201 1955 325 2005 omnes
341 1931 412 2002 sint
437 1933 474 1998 in
499 1929 632 2014 ollicio,
659 1943 694 1998 et
719 1930 965 2020 obtemperent
982 1955 1067 2001 suae
1115 1903 1246 1970 oraim
1278 1906 1444 1970 mmm
1475 1921 1499 1972 α
1528 1901 1681 1972 Bam&
1713 1899 1901 1974 Dssvtdv
1936 1899 1990 1974 αὖ
2018 1907 2108 1976 Utt·

79 2049 253 2117 naturae‚
291 2035 359 2105 soli
395 2027 559 2101 homines
594 2032 804 2100 dissentiant
837 2057 855 2101 a
890 2055 927 2102 se
956 2033 1067 2126 ipsis?
1112 1998 1260 2098 paud,
1291 2001 1516 2124 Aenariam,
1549 2025 1634 2074 Μ
1656 2013 1754 2074 083οῑ
1778 2005 1923 2126 defit&
1945 2007 1987 2076 t'tt
2007 2005 2109 2078 Aca·

81 2137 189 2210 Unde
207 2139 254 2208 sit
274 2133 361 2206 baec
385 2129 592 2204 barmoniae
615 2133 866 2204 conturbatio?
918 2135 967 2206 At
993 2120 1073 2204 sota
1231 2101 1383 2176 dmm
1403 2107 1622 2188 Becim'ema
1650 2101 1695 2196 ‘in
1711 2103 1744 2178 ¹·
1763 2109 1864 2178 Mati
1885 2103 1994 2182 1557·

78 2239 245 2310 eoelestis
269 2237 432 2307 doctrina
462 2237 636 2318 ostendit,
670 2257 811 2304 causam
837 2261 910 2306 esse
933 2237 1066 2306 vicium
1118 2220 1443 2316 Ornatissimivici.
1459 2235 1929 2329 Praeceptoccscbarissimi:
1946 2239 2111 2336 ltaptae-

76 2340 255 2428 originis,
275 2353 306 2408 et
331 2337 555 2432 tyrannidem
580 2337 736 2420 diaboli,
763 2337 820 2406 cui
841 2351 987 2431 propter
1014 2339 1067 2406 vi·
1119 2353 1171 2408 tec
1193 2365 1290 2429 spem
1316 2340 1381 2408 ista
1401 2355 1513 2410 vestra
1528 2337 1617 2409 mihi
1636 2342 1757 2430 petitio
1776 2345 1894 2414 oblata
1911 2357 1980 2428 est,
2007 2343 2111 2416 atrei

77 2443 173 2511 eium
187 2439 358 2530 originis,
384 2435 468 2506 haec
483 2439 611 2510 misera
634 2454 759 2508 natura
779 2436 964 2509 hominum
983 2441 1068 2510 sub·
1118 2441 1277 2509 novitate
1308 2441 1491 2522 turbatus,
1526 2443 1585 2510 vix
1615 2444 1814 2530 inveniam,
1846 2445 1933 2539 quid
1963 2469 2112 2536 respon·
2204 2465 2211 2476 ·

78 2543 169 2612 iecta
189 2555 255 2615 est.
306 2535 639 2611 Etvnltlleusnos
657 2537 1068 2630 agnoscerebuucmor-
1119 2543 1232 2610 deam.
1297 2539 1468 2610 Virorum
1500 2543 1788 2631 gravissimorum
1817 2559 1851 2616 et
1875 2547 2112 2638 prudentissi-

13 2713 27 2730 ,
76 2644 186 2723 huns,
219 2642 734 2736 utconlugiatnusadlilium,
762 2665 866 2734 quern
885 2643 1067 2711 nobisdo-
1119 2664 1260 2710 mortam
1289 2643 1499 2726 consilium,
1534 2643 1737 2735 improbare
1766 2662 1827 2718 aut
1852 2643 2111 2740 reprehendere

77 2744 200 2829 navit,
229 2757 270 2814 ut
292 2759 490 2834 serpentem
515 2755 695 2826 conterat,
728 2739 795 2812 hoc
816 2759 885 2826 est,
911 2746 1069 2814 destruat
1120 2767 1194 2812 non
1229 2742 1362 2828 debeo,
1409 2767 1498 2836 quoa
1529 2758 1570 2816 ut
1599 2761 1761 2836 parentes
1791 2751 1919 2820 merito
1950 2775 2112 2824 veneror.

5 2905 8 2916 .
79 2869 191 2935 opera
211 2846 360 2916 diaboli.
412 2842 459 2916 Et
474 2865 541 2914 nos
557 2845 595 2913 in
611 2841 766 2914 Ecclesia
793 2845 831 2913 in
853 2869 893 2914 ea
917 2846 1069 2915 statione
1120 2843 1353 2914 Dissimulare
1376 2857 1493 2914 tamen
1516 2871 1592 2916 non
1614 2871 1776 2937 possum,
1801 2875 1857 2920 me
1881 2853 2112 2924 consideran-

79 2948 249 3018 collocati
275 2969 415 3032 sumus,
446 2959 489 3018 ut
521 2946 709 3040 puritatem
743 2941 851 3016 buius
875 2948 1068 3028 doctrinae,
1119 2961 1189 3016 tem
1203 2945 1438 3018 meaeaetatis
1455 2945 1742 3032 imbecillitatem,
1768 2966 1802 3022 et
1816 2977 1934 3026 rerum
1950 2956 2112 3026 omnium

81 3063 257 3143 tanquam
300 3049 520 3140 depositum,
572 3049 666 3117 bona
704 3047 773 3117 lide
809 3071 1068 3120 conservemus.
1121 3049 1354 3140 imperitiam,
1378 3049 1498 3118 mirari
1516 3051 1602 3144 quid
1619 3075 1681 3122 vos
1696 3053 1857 3140 moverit,
1883 3069 1922 3128 ut
1938 3051 2007 3128 hoc
2023 3071 2112 3128 tem-

82 3149 208 3240 Quare
227 3145 294 3220 bae
310 3152 473 3222 materiae
490 3149 679 3239 diligenter
702 3151 887 3238 agitandas
911 3163 1012 3231 sunt,
1035 3163 1070 3220 et
1121 3173 1206 3242 pore
1230 3175 1361 3222 munus
1384 3148 1548 3224 Rectoris
1572 3177 1682 3244 puero
1703 3157 1987 3240 committeretis,
2013 3161 2109 3254 quod

80 3275 187 3324 rneus
215 3253 418 3334 excitanda,
452 3276 498 3322 ne
526 3265 566 3320 nt
588 3245 725 3346 Psyche
750 3253 788 3322 in
810 3253 941 3323 fabulis
964 3275 1070 3344 vaga-
1121 3252 1265 3346 quidem
1289 3277 1396 3346 quam
1420 3267 1512 3326 recte
1535 3269 1570 3325 et
1591 3255 1727 3328 utiliter
1751 3257 1831 3346 fiat,
1863 3273 2022 3332 vestrum
2044 3261 2112 3332 erit

80 3353 210 3427 buada
226 3355 367 3449 quaerit
380 3352 616 3448 Cupidinem,
646 3349 698 3422 lta
720 3375 787 3424 nos
812 3355 905 3425 caeci
929 3367 1068 3426 tantum
1121 3355 1348 3448 perpendere.

78 3459 252 3528 sordidas
266 3457 464 3548 voluptates
482 3475 705 3551 quaeramus.
756 3453 811 3526 Ac
831 3456 986 3526 recitabo
1004 3481 1069 3526 vo-
1221 3449 1298 3545 Ego
1324 3479 1404 3526 cnm
1426 3456 1619 3530 adveniens
1642 3461 1682 3532 in
1705 3455 1797 3534 hanc
1819 3458 1996 3548 scholam,
2034 3465 2111 3538 eius

76 3559 138 3628 bis
153 3559 333 3644 fabulam,
352 3561 391 3630 in
407 3583 476 3654 qua
491 3555 621 3630 eruditi
638 3556 833 3648 pinxerunt
847 3557 985 3627 animae
1001 3557 1069 3626 im-
1120 3557 1419 3648 gubernatoribus
1454 3560 1695 3632 obedientiam
1730 3567 1974 3657 promiserim,
2023 3582 2110 3662 puto

73 3659 325 3736 herillitetem.
1122 3658 1189 3728 mei
1206 3659 1314 3728 ollicii
1330 3683 1424 3744 esse,
1450 3685 1526 3730 non
1542 3663 1706 3756 delegere
1719 3668 1768 3750 id,
1793 3671 1888 3760 quod
1905 3693 1925 3738 a
1939 3693 1996 3738 me
2011 3683 2109 3740 tanto

167 3758 336 3861 Psychen
351 3760 452 3832 aiunt
471 3761 580 3834 luisse
592 3759 882 3832 formosissimam
901 3759 1070 3851 puellam,
1120 3761 1239 3830 studio
1270 3759 1431 3848 exigitur.
1489 3761 1610 3852 Quare
1643 3768 1708 3836 etsi
1737 3793 1793 3838 sue
1820 3771 1924 3862 plane
1948 3772 2108 3864 ineptum

75 3857 218 3938 Phoebi
248 3858 535 3936 etEndeleehiae
558 3865 685 3946 filiam,
711 3887 801 3958 quae
825 3857 1070 3934 habuitsoro-
1121 3885 1195 3932 esse
1214 3863 1259 3931 ad
1279 3855 1372 3932 hanc
1394 3865 1613 3936 functionem
1637 3868 1816 3960 intelligo,
1841 3887 1875 3941 et
1891 3873 1936 3942 ad
1954 3874 2030 3946 eius
2046 3875 2109 3942 de-

74 3985 132 4034 res
149 3970 337 4061 quinque,
357 3987 508 4059 quarum
525 3963 611 4038 haec
627 3968 774 4036 nomina
790 3965 952 4050 luerunt,
971 3961 1067 4056 ὄΨῑς,
1120 3963 1348 4034 clinationem
1363 3965 1475 4036 rnulta
1492 3991 1573 4036 vere
1587 3983 1620 4038 et
1634 3969 1725 4040 iuste
1739 3986 1939 4062 praetexere
1954 3997 2109 4066 possem:

74 4059 195 4163 ἇκοή,
223 4073 371 4170 γεῦσις,
399 4063 515 4160 ὀσμὴ,
541 4063 631 4164 ἁφὴ.
691 4066 776 4138 Fuit
799 4081 916 4138 autem
944 4065 1069 4136 vatici·
1119 4079 1237 4136 tamen
1266 4089 1310 4136 ne
1332 4067 1505 4160 superbus
1527 4081 1588 4140 aut
1612 4086 1801 4144 contumax
1826 4075 1978 4146 iudicer:
2010 4079 2108 4170 qnod

74 4167 206 4258 nium,
233 4169 328 4244 bane
344 4181 535 4259 nupturam
550 4193 624 4240 esse
640 4167 878 4260 pulcherrimo
902 4183 935 4240 et
959 4165 1070 4260 pessi·
1120 4167 1273 4238 laustum
1294 4165 1338 4238 sit
1357 4193 1398 4238 ac
1412 4167 1515 4254 felix,
1540 4185 1679 4242 vestrae
1690 4173 1866 4246 volcentati
1883 4179 2106 4269 obtempera·

77 4289 139 4338 mo
164 4271 395 4344 adolescenti.
447 4267 569 4364 itaque
591 4295 672 4341 cum
691 4265 878 4363 Zephyrus
900 4293 976 4340 eam
1005 4269 1068 4340 ab·
1119 4271 1186 4354 bo,
1210 4269 1321 4342 lectus
1335 4269 1496 4342 bonitate
1512 4287 1648 4358 vestra,
1671 4271 1832 4370 mihique
1849 4295 1945 4350 certo
1962 4303 2106 4369 persua·

75 4367 242 4448 duxisset
262 4374 301 4443 in
316 4383 458 4465 pratum
475 4374 654 4465 quoddam
670 4369 977 4452 amoenissimum,
997 4367 1069 4442 Cu·
1119 4373 1223 4454 dens,
1248 4393 1329 4456 vos,
1352 4387 1387 4444 et
1408 4373 1562 4444 candido
1583 4375 1628 4444 de
1642 4401 1699 4444 me
1714 4378 1846 4450 iudicio
1862 4375 1960 4452 hunc
1975 4379 2108 4455 Recto-

77 4469 169 4559 pido
186 4501 268 4548 earn
284 4475 509 4564 compressit,
535 4487 566 4544 et
579 4474 768 4568 paciscitur
789 4495 826 4544 se
842 4487 949 4575 nogtu
973 4473 1067 4542 redi·
1119 4473 1168 4542 ris
1190 4473 1332 4542 titulum
1356 4487 1391 4544 et
1412 4475 1568 4544 officium
1592 4477 1637 4546 ad
1653 4503 1708 4548 me
1726 4481 1910 4568 detulisse,
1936 4498 1969 4553 et
1985 4483 2023 4553 in
2040 4479 2107 4556 hae

76 4579 207 4648 turum
233 4601 326 4661 esse,
350 4588 452 4664 rogat
474 4589 514 4646 ut
535 4575 575 4646 in
597 4577 754 4648 tenebris
775 4575 1002 4655 admittatur,
1028 4589 1068 4646 ut
1118 4574 1374 4664 gubernatione
1396 4601 1476 4644 curn
1501 4601 1573 4664 me,
1597 4591 1790 4670 transeam,
1818 4607 1923 4676 quem
1942 4581 2029 4655 mihi
2048 4611 2106 4656 so-

76 4667 194 4748 latere
207 4679 333 4774 possit.
386 4673 427 4748 ld
445 4693 565 4750 narrat
579 4679 772 4752 sororibus.
824 4675 901 4747 liae
918 4671 1066 4748 hortan-
1117 4678 1212 4746 ciurn
1245 4671 1353 4746 huius
1386 4677 1704 4752 administrationis
1731 4683 1948 4776 adiungetis,
1986 4701 2105 4758 vestro

76 4783 157 4862 tur,
185 4795 229 4852 ut
253 4782 285 4854 si
306 4783 425 4852 redeat
445 4779 667 4868 adolescens,
694 4781 874 4864 observat,
903 4779 984 4873 quis
1008 4779 1065 4852 sit.
1116 4779 1283 4859 consilio,
1308 4779 1526 4870 praesentia,
1551 4805 1657 4874 opera
1681 4797 1716 4855 et
1738 4787 1929 4858 autoritate
1951 4788 2109 4881 benigne

74 4869 173 4946 Cum
198 4882 313 4972 igitur
336 4895 446 4954 noctu
468 4883 580 4968 redit,
606 4895 642 4952 et
656 4875 789 4976 Psyche
812 4876 983 4976 lychnum
1000 4875 1066 4950 ha-
1115 4881 1299 4952 adiuturos
1317 4903 1400 4955 esse.

73 4969 189 5052 bebat
222 4987 408 5056 ardentem
438 4984 477 5054 in
503 4984 663 5076 capsula,
693 4977 894 5054 dormiente
925 4983 1065 5075 iuvene,
1215 4979 1330 5052 Deum
1353 4997 1535 5054 aeternum
1557 4981 1697 5056 Patrem
1717 4985 1866 5060 Domini
1888 4991 2003 5062 nostri
2025 4989 2106 5066 lesu

70 5083 217 5162 promte
237 5081 429 5183 lychnum,
459 5085 602 5156 accersit
625 5107 781 5166 sorores,
807 5097 849 5156 ut
872 5109 952 5154 eom
977 5109 1064 5154 con·
1113 5078 1248 5154 Christi
1278 5097 1356 5154 toto
1385 5101 1526 5178 pectore
1555 5111 1640 5172 oro,
1679 5101 1718 5160 ut
1749 5113 1812 5182 per
1840 5085 1909 5162 hoe
1938 5110 2105 5167 semestre

75 5178 259 5274 8Ρίιίιιιι,
285 5189 382 5260 videt
408 5201 442 5258 et
463 5188 531 5257 tela
554 5209 721 5258 acarcau.
773 5183 938 5280 Cumque
957 5185 1063 5276 sagit-
1114 5185 1405 5281 tranquillitatem
1429 5181 1485 5257 bis
1506 5187 1711 5278 regionibus
1734 5195 1922 5280 concedat,
1953 5209 1987 5268 et
2013 5191 2106 5269 hane

70 5283 130 5346 ἴθι
155 5289 303 5360 curiose
324 5301 578 5376 contrectaret,
610 5289 766 5360 saarelato
787 5287 899 5378 digito
926 5287 1062 5378 ingenti
1112 5282 1288 5374 scholam,
1310 5311 1581 5382 nosqueomoes
1596 5292 1791 5366 clementer
1805 5297 1995 5386 gubernet,
2019 5322 2105 5394 pro-

70 5391 201 5454 eruore
213 5386 408 5485 Cupidinis
423 5391 562 5465 mersit.
613 5385 963 5484 ExcitatusCopido,
980 5413 1062 5460 curn
1114 5403 1206 5482 tegat
1220 5403 1255 5464 et
1271 5403 1466 5466 conservet.
1516 5387 1614 5464 Dixi.

68 5489 108 5543 0‘
122 5494 275 5572 aeuosd
289 5493 443 5577 videret,
469 5493 597 5568 avolat.
650 5491 716 5564 llla
736 5493 899 5590 sequitur
920 5493 1062 5586 lugien-
1350 5490 1471 5564 Prima
1487 5489 1591 5570 Maii.
1623 5491 1733 5566 Auno
1752 5491 1862 5570 1⁶57.
