4666 6170
223 273 295 344 sn
577 205 836 346 scatere
869 265 947 342 nu
979 259 1175 340 vrrlu
1206 259 1281 336 ur
1314 259 1554 338 ourruu
1593 259 1896 360 nanturra
2100 278 2102 286 ·
2187 274 2246 348 sn

224 467 301 516 eam
322 443 499 536 percepit,
525 456 567 514 ut
580 439 761 514 Viaticum
778 437 928 514 haberet
943 441 1082 512 animae
1098 437 1137 506 in
1153 461 1219 531 pn·
1273 437 1354 532 quis
1379 461 1417 508 se
1442 451 1685 529 praepararet,
1718 451 1753 510 et
1779 439 1819 509 in
1847 451 1920 518 tota
1949 439 2021 512 vita
2048 443 2242 516 assuefaciat.

223 546 328 619 triam
343 546 550 632 coelestem,
577 557 612 614 ct
630 539 824 616 hoc-modo
840 545 982 639 publice
1005 553 1221 615 contestare·-
1273 539 1353 612 Hoc
1388 541 1417 610 si
1453 541 1641 635 quisquam
1674 541 1783 629 alius,
1821 557 1916 614 recte
1941 537 2001 613 hic
2025 558 2141 615 noster
2165 545 2242 620 fecit.

225 662 303 734 tur,
335 672 417 719 cum
441 673 509 744 qua
530 645 710 734 Ecclesia,
740 648 829 736 lide,
860 653 1001 733 animo,
1035 642 1223 727 sententia,
1274 641 1373 714 Haec
1405 643 1501 712 enim
1535 642 1648 734 ipsius
1688 645 1787 716 fuere
1822 646 2019 738 colloquia,
2060 641 2098 714 hi
2127 669 2244 717 sermo·

226 751 428 838 voluntate,
464 750 704 838 confessione,
743 763 778 822 et
809 773 983 822 consensu
1012 747 1223 820 coniunctus
1275 768 1355 831 nes,
1390 740 1457 816 hae
1482 745 1731 835 cogitationes,
1771 744 1840 820 hoc
1864 748 1982 840 ipsum
2007 748 2130 839 scripta
2155 771 2244 819 soua-

228 867 329 926 esset.
1276 849 1383 933 bant,
1417 849 1463 918 de
1490 849 1684 942 praesentis
1705 849 1798 920 vitae
1822 849 1983 934 miseria,
2012 864 2047 922 et
2069 851 2244 940 fugacitate,

1276 953 1321 1020 de
1341 951 1609 1021 immortalitate
1636 950 1795 1038 animae,
1820 954 1865 1022 de
1893 952 2145 1023 resurrectione
2162 976 2244 1022 mor·

1278 1068 1442 1139 tuorum,
1476 1053 1616 1125 devita
1639 1067 1802 1140 aeterna,
1833 1056 1878 1124 de
1903 1054 2163 1125 conversatione
2179 1055 2245 1145 pio-

1278 1180 1358 1227 rum
1376 1179 1456 1226 cum
1472 1155 1568 1241 Deo,
1594 1169 1628 1226 et
1645 1157 1814 1228 omnibus
1829 1158 1968 1244 electis,
1993 1159 2037 1227 de
2052 1151 2165 1226 schola
2180 1181 2245 1226 coe-

1278 1259 1356 1330 lesti
1371 1271 1436 1332 etc.
1487 1255 1640 1350 Collegit
1655 1260 1699 1328 de
1713 1253 1770 1329 his
1785 1261 1973 1351 omnibus,
1997 1273 2033 1330 et
2046 1257 2188 1348 singulis
2200 1281 2246 1327 ar-

1278 1377 1444 1454 gumenta
1460 1361 1631 1452 plurima,
1658 1361 1859 1433 testimonia
1874 1363 2040 1454 insignia,
2064 1375 2098 1432 et
2113 1361 2246 1430 illustres

1279 1463 1532 1558 promissiones
1552 1463 1726 1534 divinitus
1756 1466 1920 1549 traditas,
1947 1466 2077 1560 quibus
2100 1463 2196 1534 etiam
2217 1463 2246 1530 iu

330 1005 404 1078 lam
427 1005 537 1097 igitur
562 1005 652 1076 ordo
678 1005 730 1075 rei
753 1005 925 1097 postulat,
950 1017 991 1076 ut
1011 1028 1091 1076 cum
1109 1002 1224 1074 oratio

229 1123 350 1181 nostra
365 1135 407 1182 eo
423 1110 574 1180 deducta
589 1110 635 1179 sit
651 1121 686 1179 et
701 1120 840 1200 tempus
861 1109 1071 1188 admoneat,
1098 1109 1143 1177 de
1160 1131 1225 1198 po-

230 1227 360 1284 stremo
384 1207 454 1283 hoc
472 1225 575 1296 actu,
599 1210 663 1306 qui
683 1210 786 1281 valde
811 1210 973 1302 placidus
992 1209 1080 1296 fuit,
1105 1207 1226 1279 brevi-

228 1329 285 1386 ter
305 1310 475 1387 nonnihil
498 1315 690 1398 addamus,
724 1338 796 1408 quo
819 1315 962 1384 tandem
986 1312 1092 1381 finem
1119 1309 1226 1380 facia-

230 1440 322 1491 mus.
361 1415 440 1511 lpsa
456 1416 514 1486 die
529 1416 727 1508 palmarum
744 1416 837 1485 febri
852 1429 1034 1506 correptus
1049 1427 1110 1499 est,
1135 1436 1227 1507 quae

230 1535 352 1592 tamen
377 1519 482 1591 initio
513 1519 623 1602 vires,
656 1517 885 1611 quantumvis
913 1517 999 1587 alias
1030 1511 1227 1601 exhaustas,

231 1647 307 1692 „0ss
335 1644 448 1716 usqu,
479 1623 568 1692 ,deo
596 1619 806 1694 debilitavit.
866 1619 1106 1714 sequentibus
1131 1619 1227 1688 enim
1281 1580 1437 1686 extremo
1455 1587 1567 1656 agone
1584 1589 1621 1635 se
1636 1567 1757 1648 erexit,
1782 1579 1818 1640 et
1831 1567 2068 1652 confirmavit,
2089 1579 2127 1636 ut
2140 1587 2246 1652 magno

231 1726 359 1796 diebus
372 1723 513 1810 Martis,
539 1721 651 1808 lovis,
677 1737 711 1794 et
726 1719 892 1814 Veneris,
918 1725 1051 1816 quihus
1068 1722 1227 1792 electio·
1280 1693 1399 1739 ³⁰¹¹⁰⁰
1417 1669 1723 1788 mmllmfmim
1737 1671 1895 1791 idlelll’.
1908 1685 1942 1740 οἱ
1956 1671 2096 1763 pmid‘
2109 1667 2145 1736 lu
2160 1662 2248 1783 Chll'

231 1828 340 1899 nibus
353 1827 416 1898 alii
432 1828 613 1910 vacabant,
638 1849 702 1896 suo
719 1849 818 1896 more
835 1825 874 1896 in
888 1828 1032 1921 publico
1047 1823 1226 1897 auditorio
1280 1785 1334 1944 3⁰
1359 1771 1604 1890 ⁰bd9rm¹l³m¹
1662 1768 1823 1893 Dul'mm
1848 1787 1959 1894 ’ξηῖπ
1974 1795 2056 1894 .n⁰¹.¹
2084 1783 2149 1890 ‘il’
2170 1791 2248 1888 ,ΨΜ

1315 1885 1414 1944 octor
1435 1895 1475 1942 m
1497 1869 1594 1944 hrsce
1618 1887 1750 1944 nostris
1767 1871 1898 1946 scholrs
1914 1897 2085 1966 rnsrgnrs,
2110 1897 2147 1942 m
2168 1872 2248 1940 rllam

232 1934 374 2049 d⁰⁰⁰¹l3
407 1943 448 2000 ιη
469 1953 575 1998 amm
597 1951 637 1996 ¹¹¹
658 1930 790 1998 b⁰⁰³m
812 1954 917 2048 spfm.
931 1930 1114 2048 venirem?
1146 1950 1227 2045 Ψ
1280 1976 1465 2047 coelestem
1489 1971 1646 2047 scholam
1672 1978 1717 2046 ab
1736 1971 1885 2068 Angelis
1909 1979 2032 2065 castis,
2063 1990 2171 2048 castus
2190 1973 2248 2062 ipse

232 2033 509 2106 convalnurum.
544 2029 636 2102 Nam
652 2044 686 2102 et
703 2045 864 2124 sequenti
880 2033 939 2102 dre
956 2030 1105 2102 Sabbatr
1122 2051 1228 2100 sacris
1280 2082 1325 2149 sit
1340 2081 1524 2164 dedu-ctus,
1550 2091 1585 2149 et
1598 2104 1618 2149 a
1632 2079 1706 2148 filio
1721 2076 1802 2162 Dei,
1828 2081 1886 2151 cui
1900 2102 1936 2151 se
1953 2081 2248 2157 commendavfflq

232 2133 414 2216 interfuit,
439 2147 481 2205 ut
504 2133 639 2204 dictum
663 2145 725 2204 est.
778 2131 912 2204 Verum
936 2135 1083 2204 morbus
1107 2145 1227 2223 postea
1282 2183 1291 2199 .
1993 2185 2004 2202 ·
2144 2181 2152 2197 ·
2195 2177 2201 2194 ι

232 2237 405 2322 invaluit,
430 2237 471 2306 qn
495 2260 566 2330 quo
587 2246 623 2304 ep
646 2234 886 2306 obedientiam
908 2233 1006 2316 Deo²
1037 2249 1071 2306 et
1092 2234 1229 2327 patien-
1282 2207 1319 2250 ιιι
1334 2195 1475 2251 aeterna
1489 2181 1716 2252 tabernacula
1730 2195 1903 2274 receptus,
1929 2181 2007 2254 Ubr
2023 2184 2249 2274 sulgebrtsnut

233 2342 322 2414 tiam
342 2339 468 2410 miram
486 2335 672 2430 praestitit.
722 2331 771 2406 Et
792 2350 833 2408 ut
856 2337 896 2406 in
917 2351 991 2410 tota
1010 2339 1082 2410 vita
1099 2339 1230 2408 arden·
1281 2284 1450 2378 ⁸pl⁰¹¹d⁰¹
1470 2284 1684 2358 firmmfflll
1706 2297 1742 2356 εἰ
1761 2286 1862 2380 ‘1¹¹asi
1883 2286 2010 2358 slellst
2032 2287 2072 2356 5¹¹
2089 2293 2248 2377 ΡΗΡΕῙΠἃς

232 2441 378 2516 tissimis
396 2440 560 2534 precihus
575 2463 623 2524 se,
650 2461 821 2534 suamque
836 2440 998 2526 salutem,
1023 2437 1229 2523 Ecclesiam,
1281 2397 1518 2460 aeternum
1540 2516 1543 2524 ,

234 2559 270 2617 et
292 2557 406 2617 totam
428 2542 690 2635 posteritatem,
716 2543 809 2612 veris
837 2541 1026 2632 gemitibus
1047 2541 1142 2612 Filio
1160 2539 1229 2612 Dei
1382 2539 1487 2613 Hauc
1519 2541 1553 2612 ei
1582 2543 1811 2616 foelicitatem
1832 2568 1908 2616 non
1936 2544 2175 2626 invideamus,
2201 2533 2248 2606 sed

235 2645 517 2730 commendavit,
542 2644 591 2716 ita
610 2637 678 2714 hoc
699 2643 817 2736 ipsum
835 2646 1024 2738 praecipue
1048 2658 1121 2716 toto
1139 2658 1229 2716 tem·
1282 2643 1470 2714 orbitatem
1486 2659 1644 2716 nostram
1661 2648 1903 2740 deploremus,
1929 2672 1969 2716 ac
1984 2650 2032 2717 de
2055 2637 2250 2716 imminenti-

233 2774 341 2844 pore,
366 2772 439 2842 quo
453 2747 703 2832 decumbebat,
728 2748 913 2839 praestitit.
965 2743 1019 2818 Ac
1033 2749 1177 2818 tandem
1193 2746 1229 2816 vi
1282 2748 1349 2818 hus
1365 2747 1468 2815 malis
1482 2747 1685 2838 cogitemus.
1736 2747 1952 2844 Plerumque
1976 2750 2076 2818 enim
2096 2757 2250 2818 tantorum

233 2851 353 2924 morbi
367 2865 531 2922 naturam
544 2863 752 2941 superante,
779 2849 915 2920 decima
934 2875 1027 2920 nova
1044 2849 1103 2920 die
1120 2844 1231 2941 Apri·
1283 2848 1442 2920 virorum
1464 2849 1583 2920 obitus
1604 2851 1758 2920 ominosi
1779 2865 1880 2934 sunt,
1907 2866 1942 2922 et
1963 2845 2171 2945 praenuntii
2186 2851 2250 2912 sunl

233 2955 299 3042 lis,
331 2954 438 3048 paulo
459 2965 541 3023 ante
564 2945 691 3022 horam
717 2952 903 3052 septimam
934 2951 1230 3044 pomeridianam,
1282 2951 1485 3022 futurarum
1509 2951 1766 3040 calamitatum,
1790 2949 1896 3025 Esaia
1917 2967 2024 3041 teste,
2058 2951 2120 3048 qui
2139 2943 2250 3040 inquit:

236 3059 331 3130 inter
360 3055 528 3148 gemitus,
562 3067 662 3140 vota,
697 3054 868 3146 suspiria,
901 3069 936 3127 et
965 3054 1229 3126 invocationem
1283 3052 1364 3124 Viri
1383 3053 1646 3126 misericordiae
1661 3057 1899 3148 colliguntur,
1921 3071 1956 3128 et
1972 3082 2050 3128 ιιοιι
2069 3051 2190 3146 estqui
2209 3046 2251 3114 iu·

235 3159 323 3232 Filii
344 3158 435 3245 Dei,
460 3156 519 3228 cui
542 3180 579 3226 se
607 3169 682 3228 toto
710 3170 851 3250 pectore
874 3156 1156 3243 commendavit,
1189 3180 1230 3227 ex
1283 3156 1439 3248 telligat‚
1461 3157 1584 3228 afacie
1598 3159 1684 3228 mali
1699 3159 1881 3250 colligitur
1897 3160 2025 3232 iustus.
2066 3155 2160 3228 Deus
2175 3148 2249 3222 enim

234 3258 303 3334 hac
332 3281 545 3338 aerumnosa
570 3258 662 3346 vita,
694 3273 729 3331 et
754 3254 896 3346 schola,
933 3261 990 3331 cui
1021 3259 1229 3350 longissimo
1283 3273 1399 3331 motus
1419 3260 1585 3352 precibus
1609 3255 1738 3334 horum
1756 3262 1935 3343 virorum,
1965 3262 2030 3356 qui
2051 3261 2160 3331 instar
2178 3249 2250 3325 muri

234 3381 395 3458 tempore
427 3360 616 3434 utilissime
649 3361 814 3449 servivit,
853 3377 1017 3434 evocatus
1045 3377 1114 3448 eat,
1148 3384 1229 3432 cum
1283 3375 1384 3444 eunt,
1418 3377 1453 3434 et
1480 3365 1849 3455 propugnaculorum,
1882 3365 2048 3456 reprimit
2075 3374 2210 3434 conatus
2227 3365 2252 3420 el

235 3467 380 3538 vixisset
397 3487 510 3536 annos
526 3464 705 3554 sexaginta
721 3479 805 3550 tres,
821 3463 964 3536 Menses
981 3466 1083 3551 duos,
1108 3478 1144 3536 et
1159 3477 1230 3535 tres
1283 3465 1435 3557 impetus
1449 3463 1717 3559 Tyrannorum,
1742 3489 1782 3536 ac
1796 3461 1952 3540 hostium
1967 3463 2164 3543 Ecclesiae,
2185 3479 2252 3552 pos·

235 3571 331 3658 dies,
351 3582 387 3640 et
401 3569 475 3639 fere
489 3567 613 3638 eodem
629 3581 810 3638 momento
824 3567 1012 3660 temporis,
1040 3591 1112 3660 quo
1125 3579 1230 3638 natus
1283 3591 1416 3662 uaeque
1431 3565 1563 3652 differt,
1582 3569 1696 3638 donec
1710 3569 1866 3642 collectis
1881 3569 2016 3662 granis,
2044 3569 2159 3663 paleas
2175 3583 2253 3634 com·

236 3687 307 3759 est,
337 3669 522 3764 expiravit.
583 3667 683 3742 Vivit
706 3682 836 3754 autem,
851 3669 943 3756 iam,
975 3668 1048 3740 vita
1071 3669 1229 3750 meliore,
1282 3671 1401 3741 burat.
1440 3665 1509 3738 His
1524 3670 1620 3739 enim
1635 3671 1799 3758 sublatis,
1824 3674 1887 3768 qui
1900 3697 1963 3742 sua
1978 3671 2167 3745 autoritate
2178 3659 2254 3734 rnul-

236 3799 310 3846 non
334 3773 487 3866 amplius
509 3771 548 3842 in
569 3766 710 3842 scholae
726 3771 929 3854 laboribus,
955 3773 1086 3866 quibus
1103 3773 1151 3843 ita
1174 3793 1230 3840 as-
1270 3772 1475 3844 .titudinem
1506 3773 1545 3841 in
1575 3773 1692 3844 officio
1720 3776 1941 3860 retinebant,
1976 3772 2164 3867 disciplina
2192 3784 2254 3835 eor·

234 3892 356 3950 suetus
370 3888 455 3960 erat,
480 3887 580 3946 utne
594 3887 773 3965 postremo
791 3875 936 3969 quidem
950 3873 1230 3964 vitaetempore,
1282 3875 1478 3968 rumpitur,
1504 3890 1539 3946 et
1562 3877 1661 3946 frena
1684 3877 1850 3978 lapantur
1868 3877 2134 3969 cupiditatibus.
2183 3863 2255 3939 Inde

235 3995 341 4076 atque
362 3977 515 4050 articulo
538 3979 796 4068 propemodum
818 3977 946 4048 mortis
968 3977 1128 4046 deserere
1148 3977 1230 4046 illos
1281 3977 1404 4048 fatales
1420 3977 1607 4050 imminere
1632 3979 1866 4068 calamitates,
1891 3979 2011 4076 quivis
2034 3979 2137 4052 facile
2159 3975 2256 4068 potest

236 4082 407 4154 voluerit:
433 4078 506 4152 Sed
521 4079 561 4149 iu
578 4079 721 4152 coelesti
743 4073 883 4162 schola,
906 4081 951 4150 ad
968 4103 1076 4174 quam
1093 4080 1229 4149 dudum
1282 4079 1451 4154 iudicare.

236 4209 273 4256 se
288 4184 428 4256 evocari
441 4181 686 4254 ardentissime
701 4181 815 4276 petiit.
854 4179 897 4252 lu
911 4207 981 4276 qua
994 4182 1128 4254 fruitur
1141 4205 1230 4251 con-

236 4301 357 4380 ,pgctu
370 4285 457 4358 Fffii
470 4282 550 4372 Dei,
573 4301 607 4360 ,q
624 4284 895 4370 consuetudine,
921 4297 1028 4379 atque
1041 4283 1230 4383 colloquiis
1303 4336 1312 4354 ι
1388 4231 1528 4304 Stillico
1543 4229 1645 4318 Dux,
1667 4228 1861 4306 Ambrosio
1875 4235 2062 4322 defuncto,
2087 4255 2168 4304 vere
2183 4223 2257 4298 vati·

237 4389 453 4462 dulcissimis
467 4411 689 4460 summorum
710 4383 889 4460 Ecclesiae
905 4383 1103 4459 Doctorum
1120 4385 1230 4472 Adae,
1282 4349 1420 4456 ornatus
1436 4349 1506 4419 est,
1526 4331 1596 4406 hoc
1612 4336 1690 4406 viro
1707 4337 1879 4423 extincto,
1900 4336 2043 4408 ltaliam
2056 4338 2134 4408 fore
2150 4331 2257 4403 miser·

237 4487 360 4572 Noalr,
404 4485 571 4562 Abrahae
633 4485 915 4582 Prophetarum,
954 4485 1211 4582 Apostolorum
1283 4463 1423 4512 umam·
1474 4438 1551 4509 Nec
1567 4463 1679 4509 v⁸¹¹⁰⁸
1704 4439 1774 4511 fust
1791 4453 1898 4559 ’ΜΣ
1950 4429 2155 4559 Ιῗωριίοῃὲ
2177 4429 2257 4502 enlm

237 4617 390 4689 quorum
408 4591 536 4682 wip„
552 4545 735 4684 §uppem
750 4605 821 4680 est,
846 4607 881 4666 et
897 4593 1111 4665 doctissimi,
1125 4543 1230 4664 enar]
1283 4537 1487 4612 Gothorum
1501 4538 1630 4627 Roma,
1654 4554 1841 4635 postquam
1856 4543 2003 4614 hrenmo
2020 4543 2160 4612 obsessa
2175 4541 2259 4610 esset

237 4697 438 4770 rationibus
456 4693 667 4775 illustravit,
694 4693 860 4782 Panum,
885 4709 920 4768 et
935 4693 1140 4768 Reverendi
1159 4696 1229 4765 viri
1282 4655 1382 4737 capla
1398 4657 1469 4730 ω’
1496 4641 1600 4715 Μὴ
1617 4644 1745 4714 mim
1761 4644 1976 4731 ‘limem’
2001 4659 2037 4718 ‘l
2055 4653 2196 4716 'amm'

237 4796 283 4871 D.
306 4797 353 4872 D.
378 4795 532 4870 Martini
555 4791 725 4886 Lutheri,
757 4821 838 4870 cum
866 4823 937 4892 quo
962 4822 1075 4870 anuos
1102 4799 1229 4890 viginti
1384 4791 1501 4867 Obitu
1513 4788 1664 4866 botheri
1676 4796 1811 4867 bellum
1828 4797 2070 4888 germanicum
2090 4791 2203 4865 statim
2218 4792 2260 4852 esi

238 4916 318 4974 octo
342 4898 631 4971 coniunctissime
654 4900 819 4970 interris
842 4901 949 4988 vixit,
982 4915 1016 4974 et
1041 4903 1087 4973 de
1107 4902 1230 4974 multis
1282 4901 1528 4982 subsecutum,
1554 4909 1589 4968 et
1610 4921 1700 4992 quae
1718 4899 1952 4986 mutationes,
1974 4925 2056 4970 cum
2079 4898 2119 4966 in
2133 4885 2261 4983 Repub-

238 5003 378 5094 magois
398 5004 503 5076 rebus
520 5001 681 5097 quotidie
696 5002 860 5076 contulit.
1282 5018 1359 5076 tum
1382 4996 1650 5090 iu'Religione,
1683 5025 1774 5096 quae
1798 5001 1884 5075 item
1905 5002 2000 5073 mala
2021 5001 2095 5072 sint
2115 5001 2261 5091 sequuta.

342 5153 443 5228 Dixit
481 5151 606 5239 Plato,
649 5148 919 5247 Philosophiam
962 5157 1229 5229 meditationem
1282 5129 1387 5177 ”⁰¹⁰⁰
1406 5102 1560 5195 ignml‘

238 5282 313 5330 esse
346 5257 491 5340 mortis,
532 5255 696 5330 iudicans
730 5257 769 5328 in
804 5283 845 5328 eo
880 5282 1055 5330 summam
1089 5260 1230 5351 sapien·
1383 5253 1464 5329 Etsi
1483 5253 1599 5327 autem
1622 5257 1752 5330 merito
1777 5257 1974 5332 dolendum
1996 5271 2066 5346 eat,
2092 5255 2195 5330 telem
2215 5243 2261 5316 vl·

238 5363 325 5436 tiam
350 5361 561 5446 consistere,
596 5360 628 5432 si
656 5363 702 5432 ad
729 5373 882 5434 mortem
906 5362 1109 5434 obeundam
1137 5375 1231 5435 recte
1282 5383 1383 5448 rum,
1407 5356 1476 5432 hoc
1497 5359 1705 5454 praesertim
1728 5373 1908 5456 tempore,
1933 5387 2005 5458 quo
2027 5359 2178 5449 maxime
2196 5349 2261 5422 eius
