4652 6178
236 275 314 352 799
395 343 404 355 .

352 443 532 532 flammis
552 441 711 512 noctuis
732 441 903 527 Geerpis'
922 439 1126 511 Maioris.

344 569 579 642 Verissimum
603 581 654 638 est
678 571 773 662 quod
795 569 900 653 dicis,
928 567 1070 637 nullum
1096 567 1135 636 in
1159 565 1254 636 vita

242 669 430 772 pulchrius
447 672 686 764 spectaculum
711 693 803 755 esse,
827 695 934 764 quam
953 671 1075 740 videre
1096 683 1234 738 coetum

243 802 370 850 senum
396 775 618 845 eruditorum
642 773 847 844 timentium
872 773 1004 858 Deum,
1037 785 1070 841 et
1094 773 1252 863 sapien--

242 898 339 964 tum,
365 878 428 972 qui
452 891 536 948 snut
554 899 685 966 organa
703 874 860 967 Spiritus
874 876 1006 960 sancti,
1029 875 1144 967 qualis
1166 874 1235 944 fnit

242 997 304 1056 aut
319 981 577 1074 Apostolorum
592 979 835 1068 congregatio,
862 980 906 1047 de
924 1004 992 1072 qua
1007 977 1146 1060 dixisti,
1173 989 1244 1046 ant'

242 1097 438 1158 conventus
452 1084 491 1152 in
508 1081 615 1152 Nicea
632 1095 870 1151 trecentorum
886 1095 921 1151 et
935 1081 1129 1150 octodecim
1144 1075 1234 1169 Epi-

242 1211 453 1282 scoporum,
488 1209 559 1280 qno
584 1183 622 1252 in
643 1207 794 1254 numero
818 1197 918 1254 erant
941 1183 1066 1268 multi,
1105 1182 1167 1276 qni
1195 1181 1234 1250 in

243 1289 467 1364 consessione
488 1287 723 1357 constantiam
741 1299 776 1357 et
793 1289 905 1356 robur
928 1287 1010 1355 fidei
1032 1287 1236 1354 declarave-

242 1409 343 1480 rant,
369 1406 404 1464 ει
419 1394 518 1480 signa
535 1389 792 1481 suppliciorum
809 1385 926 1459 adhuc
951 1391 989 1458 in
1006 1413 1153 1480 corpore
1168 1383 1234 1456 ha-

242 1499 395 1572 behant:
434 1493 528 1566 Aliis
550 1491 645 1562 oculi
670 1492 789 1562 effossi
813 1506 930 1573 erant,
963 1492 1043 1562 aliis
1072 1491 1234 1560 mutilata

241 1593 410 1684 brachia,
444 1595 556 1690 aliqui
585 1607 746 1665 mortuos
769 1608 1021 1666 revocaverant
1053 1594 1091 1662 in
1116 1594 1235 1663 vitam.

211 1771 216 1782 ,
243 1703 371 1776 Talem
388 1721 590 1770 consessum
607 1697 729 1766 videre
745 1712 778 1769 ει
792 1698 927 1783 audire,
949 1711 1082 1790 quanta
1098 1695 1235 1766 foelici-

242 1821 295 1878 tas
310 1805 387 1875 est?
411 1801 512 1872 Talis
530 1823 713 1870 consessus
727 1801 757 1868 si
772 1803 916 1894 qnando
937 1801 1071 1876 iudicat
1091 1813 1234 1868 contro-

243 1907 377 1978 versias
387 1901 584 1988 Ecclesiae,
607 1927 689 1972 vere
703 1898 878 1998 hymnum
895 1904 1102 1995 angelorum
1121 1902 1233 1971 canit:

244 2009 373 2084 Gloria
396 2008 435 2076 in
460 2006 605 2076 excelsis
620 2003 727 2092 Deo,
740 2019 775 2076 et
799 2006 838 2076 iu
855 2021 947 2078 terra
964 2031 1051 2099 par,
1075 1999 1235 2076 homiui-

243 2117 312 2190 bus
327 2111 478 2182 laeticia.

345 2209 400 2284 Ac
417 2211 588 2301 singulari
605 2210 755 2280 consilio
773 2209 868 2281 Deus
884 2210 999 2282 voluit
1015 2208 1147 2279 indicia
1164 2203 1235 2276 Ec-

244 2318 371 2391 clesiae
387 2312 456 2385 hoc
470 2315 578 2382 modo
596 2315 768 2397 exerceri,
794 2337 869 2382 non
891 2324 931 2381 ut
949 2312 1111 2406 tyrannis
1133 2325 1234 2389 esset,

244 2425 306 2493 sed
323 2433 364 2490 ut
379 2417 483 2488 multi
500 2415 596 2485 docti
612 2429 647 2485 et
663 2416 713 2506 pii
731 2417 924 2486 sententias
941 2416 1079 2507 placide
1095 2413 1237 2483 conser-

244 2538 347 2608 reut,
381 2519 546 2592 etmulti
575 2532 691 2588 essent
714 2519 874 2590 veritatis
899 2531 1021 2599 testes,
1048 2531 1082 2586 et
1104 2514 1236 2606 singuli

244 2627 398 2699 aliorum
429 2620 634 2694 testimonio
667 2623 976 2691 confirmarentur.
1035 2618 1121 2689 ldeo
1145 2618 1235 2688 scri·

245 2745 346 2824 ptum
381 2741 448 2796 est:
492 2723 533 2796 si
564 2725 673 2793 fuerit
707 2725 846 2794 sedenti
879 2725 1095 2806 revelatum,
1123 2733 1236 2791 taceat

244 2833 357 2928 prior.
412 2828 539 2898 Talem
572 2841 792 2898 conventum
823 2851 927 2896 verae
957 2821 1137 2896 Ecclesiae
1170 2824 1236 2893 ali-

245 2935 391 3032 quando
408 2930 486 3001 fieri
502 2941 677 3021 optemus.

349 3033 410 3105 llli
426 3057 511 3102 vero
527 3045 725 3103 conventus
743 3029 951 3104 Pontificiae
967 3029 1150 3114 factionis,
1172 3029 1236 3098 nbi

245 3137 409 3210 homiues
426 3135 556 3229 polluti
570 3134 677 3206 idolis
694 3149 728 3206 et
744 3135 980 3220 libidinibns,
1000 3148 1061 3204 aut
1073 3133 1237 3204 sascinati

245 3241 346 3315 tetris
376 3239 579 3323 erroribus,
619 3232 684 3310 καὶ
702 3233 977 3334 τετυφωμένοι,
1016 3236 1238 3308 conveniunt

245 3341 339 3416 hanc
363 3343 475 3433 ipsam
503 3342 550 3410 oh
576 3363 734 3426 cansam,
759 3355 800 3412 nt
820 3365 903 3410 snos
926 3343 1065 3410 furores
1087 3354 1121 3410 et
1137 3363 1237 3408 suam

245 3445 472 3543 tyrannidem
489 3443 719 3528 confirment,
739 3444 855 3537 qualis
870 3444 938 3512 fnit
957 3443 1181 3533 congregatio
1199 3442 1237 3510 in

246 3549 408 3644 proxima
424 3545 638 3616 Tridentino
650 3545 820 3640 Synodo,
844 3559 905 3616 ant
919 3543 1160 3628 Bononiensi,
1174 3569 1238 3612 ne·
1279 3591 1293 3610 s

247 3675 426 3748 quaquam
451 3663 534 3718 sunt
557 3672 662 3716 verae
683 3645 862 3718 Ecclesiae
883 3649 1039 3742 Synodi,
1066 3648 1126 3716 sed
1154 3661 1239 3716 sunt

248 3767 451 3828 conventus
469 3775 677 3842 cercopum,
708 3765 770 3822 aut
786 3766 921 3820 veteres
936 3753 1117 3822 dicebant:
1145 3745 1237 3849 olyn-

249 3853 299 3952 ρὰ
325 3845 541 3949 κερκώπων.
1076 3847 1080 3856 ’

349 3973 404 4046 De
420 3967 477 4042 his
491 3972 605 4044 facilis
622 3984 674 4044 est
693 3971 860 4070 relntatip
877 3971 1077 4063 argumenti
1092 3973 1161 4042 tuit

300 4093 478 4166 Indicium
492 4093 569 4166 sine
586 4085 801 4162 authoritate
821 4105 872 4162 est
888 4092 1033 4162 inutile:

258 4249 260 4254 ·
299 4195 465 4286 Cognitio
483 4196 521 4264 in
538 4193 686 4290 Synodo
705 4209 756 4266 εει
771 4220 950 4266 summum
967 4193 1152 4264 indicium.

263 4291 268 4304 ’
299 4295 417 4390 lgitur
433 4322 556 4391 parere
572 4321 712 4368 necesse
729 4313 790 4368 est.

353 4433 569 4526 Respondeo
588 4436 633 4502 de
649 4433 806 4504 minore:
832 4427 986 4502 Etiamsi
1005 4432 1178 4504 iudicium
1200 4431 1239 4501 in

249 4539 398 4636 Synodo
416 4561 498 4606 vera
518 4561 699 4606 summum
715 4549 822 4620 esset,
848 4549 968 4605 tamen
987 4530 1025 4604 hi
1043 4550 1240 4606 conventus

248 4639 449 4725 Pontificii,
467 4665 541 4708 non
560 4629 792 4734 suntSynodi
804 4633 1106 4714 veraeEcclesiae.
1130 4637 1239 4709 Nulla

249 4769 325 4814 ιοι·
341 4744 455 4812 libera
481 4737 641 4811 hominis
663 4741 715 4833 pii
741 4755 776 4812 ct
795 4741 928 4812 eruditi
949 4741 1107 4815 auditur.
1158 4739 1241 4811 Non

249 4859 412 4917 servatur
438 4845 496 4913 lex
518 4844 641 4914 divina
664 4857 699 4914 et
717 4845 913 4928 naturalis,
939 4839 1087 4937 ἀμφοῖν
1103 4837 1242 4937 ὁμοίως

249 4945 480 5044 ἀκροᾶσθαι.
539 4943 587 5017 Ει
615 4946 777 5016 iudicant
803 4941 967 5016 homines
991 4943 1167 5040 Epicurei·
1198 4949 1242 5015 de

249 5051 357 5124 rebus
384 5049 535 5142 ignotis,
560 5051 659 5148 'quod
687 5049 792 5144 etiam
818 5049 929 5120 veteri
953 5073 1058 5122 verso
1078 5044 1242 5144 prohibi-

251 5172 326 5228 turn
347 5167 410 5227 cst.
462 5233 466 5239 .

296 5265 434 5352 Μήποτε
458 5265 494 5331 δὲ
516 5263 629 5351 κρίνειν
650 5253 838 5348 deiciuntur
858 5259 977 5348 ἄνδρας
995 5259 1108 5341 ἐάσεις.

353 5370 477 5466 ltaque
491 5383 738 5462 argumentum
758 5371 848 5440 illud
867 5370 912 5438 de
931 5369 1058 5441 iudicii
1081 5365 1244 5444 authori-

251 5488 324 5550 tate
346 5497 421 5543 non
443 5473 689 5565 patrocinatur
709 5469 767 5545 his
784 5471 960 5569 Synodis,
988 5497 1075 5574 quas
1091 5472 1243 5547 Pontifi-

835 247 1254 364 o'nansrronus
1287 263 1685 346 acannnrcau.

2170 279 2226 352 tto

1288 446 1341 516 cia
1374 445 1482 515 lartio
1509 443 1676 520 instituit.
1750 439 1849 514 Haec
1882 445 2056 537 responsio
2078 453 2225 546 perspicus

1286 559 1350 618 est.

1386 663 1457 736 Sed
1480 666 1589 759 quid,
1614 665 1646 737 'si
1668 665 1715 736 sit
1744 689 1826 735 vera
1849 661 2025 753 Ecclesia,
2048 681 2079 740 ει
2098 671 2227 763 legantur

1286 765 1408 838 idonei
1424 769 1576 851 iudices,
1602 785 1643 842 ut
1666 769 1706 837 in
1724 793 1805 838 vera
1822 765 1978 838 Ecclesia
1999 783 2140 863 tempore
2153 776 2228 868 Apo-

1284 873 1478 957 stolorum,
1505 886 1624 942 tamen
1650 872 1912 942 controversiae
1938 873 2146 964 oriebantur,
2164 903 2230 972 quas

1287 981 1378 1046 tunc'
1390 975 1458 1044 erit
1475 970 1699 1046 authoritas?

1386 1091 1484 1164 Haec
1507 1095 1667 1187 quaestio
1690 1095 1877 1165 obscurior
1898 1095 2010 1166 videri
2032 1111 2150 1190 potest,
2170 1099 2232 1192 quia

1286 1199 1402 1286 imago
1427 1197 1660 1290 imperiorum
1684 1222 1759 1266 non
1776 1199 2025 1290 ,transferenda
2049 1215 2117 1271 erat
2135 1203 2172 1270 ad
2184 1198 2234 1272 Ec-

1287 1301 1442 1374 clesiam.
1502 1300 1587 1372 Viri
1608 1300 1748 1390 politici
1775 1300 2034 1390 imaginantur,
2067 1326 2157 1394 posse
2179 1304 2236 1374 tolli

1287 1403 1433 1473 dissidia
1459 1403 1722 1486 doctrinarum,
1748 1402 1840 1472 sicut
1866 1404 1989 1472 civiles
2015 1405 2235 1476 controversiae

1286 1507 1483 1577 tolluntur:
1509 1531 1550 1580 ac
1566 1520 1687 1598 postea
1713 1505 1865 1574 similem
1883 1507 2010 1578 volunt
2034 1531 2102 1577 esse
2118 1523 2235 1597 potestt-

1288 1623 1360 1679 tem
1385 1608 1600 1678 iudiciorum
1626 1606 1784 1703 Synodi,
1813 1623 1847 1678 et
1873 1609 2088 1680 iudiciorum
2103 1608 2236 1682 Politieo-

1285 1735 1385 1794 reim,
1411 1735 1480 1805 qua
1498 1712 1537 1780 iu
1553 1735 1590 1780 re
1605 1725 1821 1802 magnucest
1838 1735 1962 1798 error,
1987 1713 2048 1782 sed
2063 1725 2169 1783 tamen
2180 1715 2236 1806 plu·

1286 1813 1459 1884 rimorum
1484 1813 1613 1883 animis
1634 1815 1682 1884 ita
1711 1814 1856 1902 infixus,
1883 1828 1922 1884 ιιι
1946 1815 2051 1885 evelli
2068 1819 2236 1908 nonpossit,

1288 1943 1327 1986 ac
1352 1940 1498 2008 prorsus
1521 1917 1559 1986 lit
1585 1911 1650 1986 hac
1679 1917 1716 1984 in
1741 1941 1799 2001 re,
1826 1919 1922 2010 qnod
1952 1919 2042 1987 dixit
2056 1915 2233 1988 Simonides:

1286 2015 1330 2092 τὸ
1357 2015 1484 2092 δοκεῖν
1508 2012 1943 2114 praeformationem
2000 2017 2123 2090 Valent
2141 2021 2233 2090 iudicia

1288 2123 1407 2192 civilia
1425 2118 1641 2192 authoritate
1656 2120 1768 2211 Regia
1791 2147 1853 2192 seu
1870 2119 2065 2196 Praetoria.
2112 2121 2193 2194 Valet
2210 2135 2231 2190 rt

1290 2225 1544 2318 interpretatio·
1558 2224 1695 2315 legum,
1727 2219 1944 2296 authoritate
1962 2223 2076 2318 Regia
2096 2223 2227 2295 seul'rn·

1287 2327 1390 2398 toria.
1450 2325 1600 2398 Necesse
1618 2341 1670 2398 εει
1686 2327 1795 2418 igitur
1809 2353 1944 2420 parere.

1390 2445 1461 2519 Sed
1482 2472 1555 2516 non
1580 2461 1632 2518 est
1654 2447 1781 2516 similis
1796 2441 1995 2520 authoritas
2012 2447 2234 2520 iudiciorumiu

1288 2549 1444 2645 Synodis
1459 2550 1499 2620 in
1514 2547 1691 2636 Ecclesia,
1717 2550 1801 2644 qnia
1816 2549 1955 2644 Synodi
1982 2575 2058 2622 non
2078 2565 2154 2622 snut
2170 2575 2236 2622 sun-

1288 2655 1339 2722 mi
1354 2654 1510 2739 indices,
1536 2655 1596 2723 sed
1614 2655 1688 2746 ipsa
1706 2679 1773 2724 vox
1783 2650 1868 2735 Dei,
1894 2669 1928 2724 et
1942 2655 2175 2748 interpretatio
2188 2677 2236 2722 uua

1288 2771 1340 2828 est
1369 2758 1511 2847 alligata
1546 2757 1708 2849 personis
1741 2757 1996 2828 iudicantibus.
2056 2755 2187 2830 Donum
2207 2768 2239 2824 est

1288 2861 1385 2929 enim
1404 2861 1442 2928 in
1460 2856 1637 2940 Ecclesia,
1663 2883 1737 2928 nou
1762 2873 1813 2930 est
1832 2874 1989 2951 potestas
2011 2861 2171 2932 attributa
2189 2881 2238 2928 crr-

1290 2964 1337 3034 tis
1355 2962 1543 3054 gradibus,
1570 2976 1608 3033 ut
1627 2963 1872 3054 interpretatio
1887 2964 2009 3054 legum
2026 2964 2175 3034 civilium
2190 2984 2239 3030 cer-

1292 3065 1337 3136 tis
1360 3065 1529 3156 gradibus
1553 3065 1723 3136 attributa
1746 3079 1816 3151 est,
1842 3061 1926 3160 quia
1944 3065 2192 3140 controversiae
2208 3062 2240 3132 ci·

1291 3169 1379 3240 viles
1393 3167 1533 3238 ratione
1548 3167 1700 3238 indicari
1716 3184 1882 3260 possunt,
1905 3195 1997 3264 quae
2013 3165 2198 3242 communis
2209 3177 2242 3234 est

1288 3271 1449 3342 omnium
1473 3295 1654 3342 sanorum.
1714 3267 1862 3342 Etcum
1892 3273 2037 3345 utillum
2068 3274 2114 3344 sit
2140 3270 2242 3340 animae

1289 3373 1487 3467 pericnlum
1508 3373 1546 3442 iu
1562 3374 1699 3452 iactura
1715 3397 1835 3443 rerum
1849 3377 2113 3467 corporalium,
2134 3372 2243 3445 obedire

1289 3467 1484 3548 sententiae
1501 3477 1630 3547 iudicis
1648 3475 1755 3546 etiam
1771 3477 1922 3548 errantis
1939 3479 2037 3556 licet,

1395 3595 1443 3667 At
1465 3597 1503 3664 iu
1526 3595 1690 3666 doctriua
1709 3619 1939 3691 nequaquam
1965 3599 2195 3668 obediendum
2211 3603 2244 3662 cst

1290 3699 1484 3771 sententiae
1510 3699 1640 3768 iudicis
1666 3699 1829 3769 errantis.
1881 3701 1968 3770 Ideo
1995 3724 2103 3770 nemo
2120 3698 2247 3784 obligau-

1289 3805 1356 3874 dus
1378 3818 1450 3886 est,
1476 3815 1518 3872 ιιι
1541 3801 1723 3893 promittat
1740 3825 1775 3870 se
1792 3802 2123 3893 obtemperaturum
2138 3812 2248 3870 senten·

1289 3908 1359 3976 tiae
1376 3903 1532 3999 Synodi,
1558 3928 1665 3996 qnam
1680 3905 1844 3974 nondum
1861 3906 2015 3978 audivit.
2068 3903 2155 3976 Nam
2169 3901 2248 3972 etiarn

1289 4009 1401 4078 sancti
1417 4007 1488 4076 labi
1507 4021 1675 4098 possunt,
1700 4021 1849 4096 possunt
1866 4023 1900 4078 ει
1919 4033 2076 4078 numero
2098 4002 2249 4092 suffragio-

1291 4135 1372 4180 rum
1390 4110 1505 4194 vinci,
1531 4109 1635 4180 etiam
1662 4134 1743 4180 cum
1767 4109 1835 4200 ipsi
1856 4135 1956 4180 veras
1973 4107 2249 4182 sententiasdire-

1291 4228 1388 4286 runt.
1441 4212 1555 4300 Saepe
1580 4213 1675 4281 enim
1703 4207 1772 4282 hoc
1796 4212 1944 4298 accidit,
1982 4227 2026 4284 ut
2058 4213 2167 4282 maior
2193 4227 2250 4300 part

1291 4316 1410 4386 vincat
1432 4315 1627 4384 meliorem.
1678 4314 1752 4385 Nec
1776 4313 1815 4384 in
1834 4311 2018 4402 Ecclesia,
2046 4331 2088 4386 nt
2112 4316 2147 4384 iu
2167 4314 2251 4402 impe·

1291 4419 1373 4503 riis,
1401 4419 1520 4487 valere
1538 4419 1673 4488 debent
1690 4419 1884 4489 sententiae
1899 4441 2068 4489 numero.

1396 4547 1493 4643 Ergo
1517 4551 1677 4645 inquies,
1705 4553 1835 4622 indicia
1862 4552 2098 4648 Synodorum
2119 4559 2193 4619 sunt
2213 4543 2252 4609 in·

1292 4655 1421 4728 ntilia?
1471 4651 1707 4755 Responde03
1745 4651 1865 4726 Etiam
1895 4681 2001 4726 verae
2029 4643 2254 4752 Synodiindi-

1293 4760 1389 4830 cium
1411 4781 1486 4826 uon
1511 4758 1653 4848 penitus
1679 4757 1775 4828 tollit
1789 4759 2083 4842 controversias,
2108 4769 2147 4825 nt
2161 4745 2255 4842 politi·

1294 4885 1391 4932 cnm:
1424 4873 1465 4929 ut
1488 4883 1553 4928 nec
1572 4857 1827 4951 Apostolorum
1845 4860 2036 4956 Synodus,
2063 4883 2129 4929 nec
2150 4853 2256 4926 Nireus

1295 4963 1437 5056 penitus
1452 4961 1672 5031 sustulerunt
1688 4964 1964 5044 controversias,
1991 4965 2038 5034 de
2054 4962 2180 5058 quibus
2196 4973 2255 5046 pro·

1294 5067 1524 5137 nunciarunt.
1581 5063 1656 5132 lruo
1674 5065 1879 5136 incendium
1890 5065 2083 5152 Asianum,
2103 5063 2255 5154 aliquanto

1295 5183 1376 5261 post
1392 5169 1504 5239 multo
1518 5165 1632 5235 mains
1649 5167 1782 5238 lactum
1800 5181 1870 5252 εει,
1894 5181 1934 5238 ιιι
1951 5169 1991 5240 fit
2007 5169 2091 5258 igne
2107 5161 2255 5259 panlispct

1295 5293 1476 5363 represso,
1501 5293 1575 5339 non
1594 5292 1739 5360 prorsus
1763 5271 1941 5340 restincto.
1995 5261 2256 5353 Eatennsigitur

1295 5375 1479 5445 fatendum
1506 5385 1558 5442 est
1574 5369 1714 5466 Synodi
1739 5371 1912 5442 iudicium
1938 5371 2071 5444 inutile
2086 5395 2173 5450 esse,
2195 5357 2256 5458 quit

1296 5501 1370 5549 non
1386 5473 1528 5569 penitus
1545 5473 1639 5546 tollit
1656 5475 1923 5548 controversias.
