4638 6172
717 1625 1390 1803 rnnnnonnnni.

929 1983 1179 1999 m

55 2197 225 2334 Philippus
257 2251 449 2316 blelantbca
480 2249 589 2332 quanti
620 2249 734 2313 secen't
762 2263 865 2315 arteni
893 2249 1073 2334 poeticam,
1099 2247 1170 2333 ipse
1198 2249 1332 2332 saepius
1361 2249 1534 2332 professus
1562 2260 1615 2314 est
1634 2250 1668 2314 iii
1693 2253 1840 2335 epistolis
1867 2248 1907 2316 ad
1937 2253 2071 2314 amicos.

54 2338 120 2402 Non
141 2339 220 2400 enim
244 2337 350 2399 solum
374 2335 470 2399 valde
492 2335 713 2400 delectabatur
734 2337 947 2418 carminibus,
968 2334 1029 2399 sed
1052 2337 1150 2399 etiam
1173 2336 1309 2399 libenter
1330 2337 1546 2420 agnoscebat,
1575 2355 1720 2418 „vonam
1743 2337 1895 2402 fundendi
1918 2336 2070 2400 carminis

55 2425 204 2506 copiosam
227 2439 268 2486 ac
289 2421 417 2484 dulcem
439 2423 566 2484 omnine
582 2420 645 2484 Del
667 2439 750 2504 opus
772 2423 888 2504 esse’',
910 2433 946 2486 ut
967 2422 1039 2502 ipse
1061 2421 1192 2502 scripsit
1215 2419 1253 2484 ad
1268 2420 1461 2502 lluddenm,
1483 2421 1564 2502 lipp.
1582 2420 1706 2485 votx.
1729 2441 1760 2503 p.
1775 2421 1849 2486 939.
1894 2422 1945 2485 De
1960 2421 2070 2504 digni-

55 2513 263 2658 titslppqqseos
281 2507 410 2655 uqerius
426 2524 519 2656 epam
533 2507 739 2658 geqteutiaqq
761 2508 956 2655 perscripsitt
971 2507 1003 2568 in
1026 2505 1174 2588 epistolis
1191 2505 1265 2569 Vol.
1278 2507 1303 2568 1.
1325 2525 1356 2587 p.
1371 2503 1447 2570 573.
1463 2517 1495 2569 ιι
1509 2505 1582 2568 Vol.
1597 2507 1655 2569 lll.
1674 2527 1704 2588 p.
1714 2507 1794 2571 393.
1818 2520 1852 2572 et
1873 2509 1904 2570 in
1928 2508 2071 2570 carmine

57 2614 96 2658 ιι.
194 2639 221 2676 .,
242 2611 306 2676 quo
348 2611 474 2673 incipi:
503 2635 524 2672 „
561 2612 570 2654 i
612 2609 690 2656 ecus
741 2595 900 2654 usoiiiae”
923 2609 985 2656 ec.
1699 2619 1702 2624 Δ

164 2706 352 2772 Secundum
375 2709 530 2770 rationein
553 2705 640 2768 illins
664 2723 743 2768 vero
768 2704 887 2788 seculi,
918 2713 953 2768 ut
974 2705 1032 2767 viri
1054 2703 1140 2767 docti
1168 2701 1200 2766 iii
1229 2702 1374 2766 familiari
1396 2703 1560 2767 literarum
1584 2707 1778 2768 commercio
1802 2726 1863 2768 non
1887 2707 1949 2770 uisi
1971 2706 2071 2770 latina

56 2796 148 2878 ligna
170 2795 358 2874 utebantur,
379 2794 429 2856 sic
452 2792 549 2854 etiam
571 2789 610 2870 ii,
631 2791 815 2872 quiveram
837 2789 996 2872 poeticam
1019 2787 1124 2852 alico
1147 2797 1362 2870 acceperunt,
1382 2789 1524 2852 carmine
1537 2809 1599 2852 sua
1619 2810 1681 2852 non
1697 2793 1872 2854 vernacule
1886 2791 1946 2854 sed
1963 2791 2072 2873 latine,

56 2883 213 2944 ueletiam
236 2897 354 2961 graeca
377 2877 487 2958 lingua
509 2875 688 2956 canebant,
719 2886 755 2939 ut
778 2875 931 2937 blobanus
955 2873 1106 2953 llessns,
1134 2875 1317 2953 Eusebius,
1345 2874 1410 2937 lec.
1432 2873 1603 2957 Micyllus,
1636 2877 1755 2957 Georg.
1778 2877 1932 2958 Sabinus,
1965 2875 2072 2938 loacb.

57 2965 266 3044 Camerarius,
289 2965 332 3026 lo.
349 2962 526 3045 Stigalius,
550 2959 711 3042 Georgius
727 2960 895 3024 Fabricius
919 2959 1046 3041 aliique.
1090 2957 1252 3022 Putabaiit
1269 2959 1462 3022 Scliolarum
1485 2958 1659 3042 praelecti,
1684 2973 1719 3023 et
1740 2981 1801 3022 non
1816 2963 1935 3042 inepte,
1957 2978 2072 3023 omnes

56 3053 169 3115 omnino
191 3049 410 3112 scholasticos
433 3043 661 3108 exercitandos
684 3061 762 3108 esse
784 3046 815 3107 iii
837 3044 1068 3126 componendis
1090 3044 1283 3106 carminibus
1307 3044 1431 3112 latinis.
1453 3047 1565 3126 partim
1586 3054 1620 3106 ut
1635 3057 1779 3108 veterum
1803 3047 2073 3110 carminameliua

55 3139 275 3218 intelligerent,
296 3143 470 3213 eorumque
493 3130 723 3212 praestantiam
745 3131 849 3192 animo
873 3130 1047 3205 sentirent,
1069 3131 1182 3211 partim
1205 3138 1239 3190 ut
1257 3139 1347 3190 recta
1365 3131 1572 3209 pronuntiare
1586 3131 1747 3194 discerent
1761 3142 1794 3193 et
1811 3132 1943 3212 regulas
1956 3149 2072 3210 grain·

55 3225 177 3286 natica
199 3219 315 3282 melius
340 3217 569 3300 perspicerent.
612 3211 686 3296 (cl.
707 3213 929 3278 lllelambonis
956 3210 1112 3297 praelatio
1135 3213 1177 3274 ad
1198 3213 1323 3294 blieylli
1352 3214 1450 3276 libros
1478 3212 1519 3275 de
1550 3233 1584 3275 re
1606 3217 1786 3292 metallica,
1815 3217 1897 3298 llpp.
1920 3215 1994 3279 Vol.
2014 3216 2070 3277 lll.

55 3327 78 3389 p.
87 3307 149 3372 756
169 3305 271 3388 sqq).
313 3301 387 3384 Qua
409 3301 451 3365 de
476 3318 578 3364 cansa
598 3298 790 3364 lllelantboii
818 3317 947 3383 quoque
974 3299 1112 3362 iuvenes
1140 3316 1221 3362 sune
1243 3296 1431 3380 disciplinae
1461 3297 1596 3364 traditos
1623 3301 1656 3362 iii
1679 3302 1872 3364 carminibus
1894 3299 2072 3364 scribendis

55 3392 224 3458 exercebat.
268 3385 323 3453 Cf.
344 3387 427 3470 Epp.
450 3383 580 3452 Vol.X.
600 3385 718 3468 psat.

169 3502 429 3570 occursantem
445 3499 638 3564 carminibus
652 3497 779 3564 Noster
792 3499 1037 3564 modestissime
1052 3517 1183 3582 semper
1195 3497 1371 3583 iudicabat,
1392 3501 1498 3583 iisqne
1517 3503 1653 3582 pretinm
1673 3503 1743 3566 lere
1760 3503 1879 3568 nnlluiii
1894 3503 2089 3584 statueban-

54 3593 129 3656 ιιὶιι
152 3587 333 3654 modestiae
352 3587 510 3670 epistolae
524 3585 593 3648 eins
612 3585 778 3649 continent
792 3586 893 3648 multa
912 3586 1107 3650 testimonie.
1152 3585 1209 3650 Sic
1222 3585 1262 3648 ad
1277 3585 1496 3649 Camerariuiu
1520 3589 1557 3649 'l'.
1573 3588 1597 3650 l.
1620 3607 1650 3669 p.
1665 3590 1756 3653 suu:
1778 3589 1835 3671 „0
1854 3609 1906 3652 me
1919 3591 2074 3669 ineptum,

55 3679 96 3758 qni
121 3677 219 3740 vobis
247 3673 350 3736 audeo
378 3689 471 3735 meos
500 3688 620 3733 versus
651 3671 796 3749 mittere,
825 3670 1079 3752 elegantissimis
1110 3669 1291 3734 bominibus
1317 3671 1444 3734 insulsa
1471 3676 1649 3753 poemata!
1703 3675 1786 3737 Item
1807 3669 1860 3738 ἰι
1889 3673 2074 3756 llnddenm,

53 3761 174 3825 votx.
197 3779 229 3842 p.
239 3755 329 3820 939n
359 3756 577 3837 „Versiculos
600 3773 692 3818 meos
716 3756 785 3818 scio
803 3753 929 3818 ieiunos
949 3765 981 3818 et
1002 3756 1130 3836 ineptos
1153 3773 1248 3836 esse,
1271 3766 1305 3818 et
1326 3756 1433 3824 metim
1455 3775 1514 3819 eos
1535 3777 1597 3820 non
1619 3755 1680 3820 odi
1724 3759 1799 3840 Ege
1818 3757 1931 3820 videor
1950 3759 2074 3820 blarsia

53 3860 237 3912 autcorvus
256 3844 339 3905 inter
358 3860 485 3926 cygnos
508 3841 693 3903 crocitare.”
736 3839 792 3903 cf.
815 3841 913 3904 etiam
934 3839 1016 3986 qu.
1040 3839 1116 3904 Vol.
1131 3839 1205 3904 vll.
1225 3859 1256 3922 p.
1271 3839 1346 3903 962.
1389 3839 1508 3923 Neque
1529 3843 1639 3924 negari
1660 3844 1844 3926 potest,in
1862 3844 2073 3906 ldelantlione

54 3931 235 3996 laenitatem
256 3927 361 3990 iudicii
380 3929 531 3990 maiorem
554 3924 659 3988 luisse
681 3943 777 4006 quam
798 3925 973 4008 φαντασίας
1009 3943 1174 4004 eruorem,
1203 3943 1266 4006 quo
1286 3929 1403 4007 poetae
1424 3925 1456 3988 in
1477 3925 1574 3989 altum
1597 3926 1759 4008 teruntur,
1789 3938 1823 3990 et
1841 3930 1980 3991 carmina
2001 3927 2089 3990 eine.

54 4019 148 4098 potius
170 4033 216 4078 ex
236 4013 368 4076 rationis
391 4013 589 4094 cogitatione
609 4021 686 4073 nate
705 4028 800 4092 esse,
822 4029 917 4092 quam
937 4028 980 4071 eir
1000 4021 1120 4072 sensus
1141 4007 1280 4074 lervore.
1324 4008 1462 4073 Omnino
1485 4013 1569 4075 enim
1590 4016 1696 4095 magis
1717 4013 1758 4077 ad
1779 4011 1955 4076 doctrinam
1977 4027 2072 4092 qnam

52 4103 85 4166 ιι
102 4101 217 4186 poesin
237 4107 308 4160 erat
326 4097 485 4160 lermatus
505 4117 525 4160 a
549 4105 682 4174 natura,
712 4095 798 4176 qnod
826 4097 921 4158 etiam
943 4095 1014 4176 ipse
1034 4095 1254 4178 agnoscebat,
1280 4093 1419 4178 ideoque
1444 4095 1484 4160 de
1511 4115 1550 4160 se
1571 4116 1692 4162 versus
1711 4099 1903 4179 usurpabat:

512 4211 610 4268 lurida
629 4225 671 4264 ιιι
689 4212 792 4275 spaeils
810 4189 909 4264 natura
926 4211 1050 4263 coercuit
1066 4211 1162 4276 metti,

549 4282 653 4345 ingenit
673 4283 747 4332 vires
765 4283 932 4348 exiguumne
950 4283 1034 4333 dedit.

53 4355 116 4420 l'id.
136 4358 222 4440 Epp.
243 4351 317 4416 voi.
334 4351 424 4414 vill.
446 4371 476 4434 p.
490 4351 564 4415 atu.
584 4361 617 4414 ct
635 4370 666 4433 p.
679 4349 754 4413 til.

170 4469 292 4551 Neque
305 4467 397 4530 Deus
411 4467 609 4530 Melentlioni
626 4475 835 4564 eqiieesserat
848 4465 942 4528 dulce
960 4462 1168 4562 bledanum,
1189 4465 1275 4548 quod
1292 4467 1398 4547 politis
1412 4464 1453 4529 ad
1471 4464 1634 4549 gignenda
1653 4463 1794 4527 carmina
1809 4463 2074 4562 omninoiieces·

52 4563 161 4624 sarium
184 4566 253 4636 est3
286 4554 348 4616 imo
362 4571 448 4650 vena
462 4552 662 4650 Melanthum
679 4569 839 4650 concessa
855 4551 1039 4648 innumeris¹
1052 4551 1230 4648 laboribus,
1252 4568 1335 4631 qnos
1352 4551 1382 4612 in
1402 4569 1441 4650 sp
1456 4552 1624 4632 suscipere
1638 4549 1794 4632 debebat,
1815 4550 2074 4650 eacliauriebatnr,

52 4660 80 4708 st
96 4643 207 4708 leruor
227 4641 298 4702 eius
318 4643 463 4718 poeticus
487 4655 591 4719 curis,
612 4655 774 4700 aerumnis
796 4647 830 4699 et
849 4635 1105 4698 cavillationibus
1123 4653 1321 4731 inichorum
1345 4635 1507 4698 bominum
1529 4634 1760 4698 suffocabatur.
1791 4636 1899 4716 „ldibi
1912 4669 1951 4681 —
1967 4633 2072 4714 (scri-

51 4731 89 4794 bit
108 4731 193 4830 Epp.
213 4723 364 4824 v⁰¹·.¹¹¹·
383 4741 416 4820 p.
430 4722 542 4806 aaa),
564 4725 593 4784 si
614 4720 689 4834 qnid
710 4722 769 4785 luit
792 4720 929 4818 ingenii,
951 4729 1176 4819 consiimptnm
1198 4731 1250 4817 est
1272 4719 1302 4780 in
1325 4719 1401 4782 rixis
1415 4719 1670 4818 disputationum
1683 4729 1717 4786 et
1738 4721 1900 4803 lomagna
1916 4723 2074 4841 varietate

51 4809 663 4978 :tiltttffliistitllliltl‘ldi
687 4803 1325 4973 iniiittiltllldllttlt'·
1339 4804 1398 4869 W·
1423 4823 1453 4886 Ρ·
1466 4803 1561 4888 ⁸¹⁷³
1589 4822 1726 4868 '²¹⁰¹'m
1752 4816 1884 4869 ''⁰⁸¹¹‘'
1902 4813 2075 4888 ⁰¹““⁰¹¹¹⁸’

174 5011 366 5094 Quanquam
390 5009 486 5094 igitur
508 5008 633 5072 Noster
655 5009 796 5072 carmine
820 5009 897 5072 lecit
923 5023 1019 5090 quum
1042 5000 1212 5067 admodum
1238 4999 1364 5064 iuvenis
1389 5009 1499 5081 esset,
1528 5011 1636 5064 tamen
1659 5021 1820 5085 nunquam
1845 5021 1974 5066 carmen
1994 5022 2075 5086 pro-

51 5105 151 5168 lixum
166 5099 366 5180 composuit,
387 5095 447 5158 ιιι
466 5095 614 5157 breviora
636 5105 779 5178 tantum,
800 5106 835 5158 ut
855 5093 1103 5176 epigrammata,
1124 5085 1304 5170 epitaphia,
1327 5103 1460 5168 preces,
1481 5087 1639 5170 dinticlia,
1661 5088 1779 5149 breues
1796 5085 1837 5150 ιι
1855 5089 1979 5151 amicos
1999 5089 2073 5170 epi-

51 5191 152 5252 stolas
173 5185 319 5268 poinces
335 5190 369 5245 et
386 5179 513 5243 similis.
556 5181 800 5262 Longissimum
821 5197 950 5242 carmen
973 5184 1025 5239 est
1044 5175 1121 5238 illud
1144 5171 1228 5256 qnod
1247 5171 1445 5234 inscribitur:
1467 5165 1602 5236 tattoni
1623 5169 1664 5232 ds
1685 5169 1886 5252 impositione
1909 5191 2076 5254 manuum,

51 5293 99 5338 ιι.
119 5271 214 5335 toti.
237 5266 371 5332 laetum.
420 5264 545 5348 Magna
570 5267 743 5327 carminum
774 5283 851 5345 pars
872 5261 1087 5342 Witebcrgae
1115 5257 1188 5321 inde
1214 5258 1255 5320 ab
1283 5275 1331 5320 an.
1355 5255 1448 5319 ieie.
1476 5274 1581 5336 usqne
1609 5253 1649 5318 ad
1674 5275 1726 5320 an.
1748 5255 1840 5320 1529.
1871 5259 1992 5339 scripta
2013 5267 2076 5320 cst.

53 5359 226 5440 Postquam
242 5351 326 5416 enim
340 5368 474 5414 uxorem
485 5349 622 5414 duxerat
641 5350 760 5412 multos
779 5349 1008 5412 adolescentes
1021 5343 1168 5426 adeoque
1183 5359 1302 5425 pueros
1316 5341 1346 5403 in
1362 5339 1491 5404 domum
1505 5357 1597 5404 snam
1613 5349 1783 5424 receptos,
1804 5341 1857 5403 vel
1872 5341 1914 5405 ad
1928 5358 2075 5404 mensam

52 5461 139 5510 ιιιιι
152 5440 334 5522 afflues,
353 5436 511 5520 instituit,
527 5451 652 5517 sosque
665 5436 762 5500 etiam
781 5435 813 5499 iii
828 5431 987 5499 iadoudis
1006 5429 1197 5496 carminibus
1214 5427 1415 5492 eaerdtavit
1459 5423 1496 5488 lu
1509 5425 1564 5488 illa
1582 5423 1697 5490 scbola
1715 5425 1842 5510 privata
1856 5425 2078 5490 blelantboiiis
