4686 6172
250 253 331 347 με
839 181 1265 344 puansrxonns
1297 242 1729 339 teanensem..
2183 257 2237 338 aa

255 435 354 508 tione
368 429 486 524 spargi
498 449 563 520 per
576 435 670 496 certa
687 419 778 502 loca,
804 419 899 514 qxrod
915 444 998 494 curn
1011 419 1069 506 lit,
1094 418 1170 491 loca
1188 419 1249 489 illa
1300 446 1448 512 poenas,
1472 444 1678 502 moveamur
1693 421 1844 512 proximi
1858 433 1972 495 terrae
1990 437 2096 496 motus
2108 432 2237 502 recorda-

258 531 411 628 impulsa
431 525 660 600 vihalituum
679 536 841 594 tremere.
881 519 1029 610 Constat
1044 523 1139 592 enim
1157 515 1251 592 hali·
1300 525 1417 610 tione,
1444 524 1506 616 qui
1529 537 1640 596 totam
1661 547 1762 592 orarn
1787 526 1832 594 ab
1856 522 2023 600 Harcinia
2047 530 2088 599 ad
2103 527 2240 604 Dresdan

258 655 361 711 tuum
383 633 525 728 plenam
548 651 620 698 esse
642 637 792 708 terram,
819 637 852 694 et
870 625 1047 714 mugitus,
1071 624 1133 716 qui
1150 624 1253 694 audi·
1302 627 1496 710 concussit,
1521 638 1562 696 ut
1578 625 1768 696 excitemus
1788 650 1854 696 nos
1871 625 1914 696 ad
1937 626 2169 700 invocationem
2182 633 2240 718 Dei,

259 756 320 812 tur
342 739 515 808 interrae
539 744 656 808 motu,
691 725 832 816 signum
862 738 914 796 est
936 726 1164 804 volitantium
1188 726 1254 796 lla-
1302 742 1338 798 et
1359 727 1541 796 adomnia
1566 725 1623 816 pia
1646 727 1831 814 exercitia,
1855 741 1891 798 et
1913 733 2242 820 petamusaltioltei

262 857 382 932 tuum,
406 837 498 906 sicut
523 831 642 926 inquit
656 827 844 918 Virgilius:
1304 829 1560 918 mitigationem
1576 851 1783 920 poenarum.

363 945 428 1008 Sub
443 944 570 1036 pedib&
585 941 701 1020 fflusslff
715 941 834 1017 ³⁰¹¹¹¹¹¹s
858 941 931 1019 5⁰8⁸
946 941 1023 1004 ⁰⁰¹³*
1039 940 1166 1002 ¹¹¹⁰Wl·
1378 951 1424 1018 Te
1441 967 1559 1016 maneat
1576 977 1693 1036 semper
1708 970 1842 1018 serrsme
1857 953 1989 1018 Ecclesia
2003 953 2122 1036 Christe,

176 1127 177 1138 χ
262 1041 311 1118 Et
330 1043 413 1136 quia
432 1036 471 1109 bi
491 1033 624 1110 halitus
647 1049 760 1104 terrae
780 1047 915 1104 meatus
938 1035 1171 1126 patefaciunt,
1196 1031 1255 1100 in·
1458 1055 1722 1141 1„„,10,qu,5921
1741 1081 1797 1120 no,
1814 1072 1865 1120 m,
1880 1059 1984 1120 dm„
1998 1072 2085 1140 tegat.

260 1148 403 1222 terdum
428 1156 463 1212 et
485 1163 577 1234 aqna
600 1134 814 1216 effunditur,
844 1135 946 1206 cuius
967 1159 1041 1206 non
1072 1148 1125 1204 est
1157 1145 1256 1206 tanta
1382 1155 2150 1243 Tr„„putsnflmmmmB,by10„1d„2m,‚

263 1249 365 1340 copia
386 1245 426 1314 in
446 1241 583 1334 magnis
607 1238 808 1326 montibus,
840 1250 882 1309 ut
903 1239 1061 1330 potuerit
1089 1259 1148 1308 eos
1169 1259 1256 1306 con·
1457 1259 1528 1326 R„
1542 1264 1595 1326 ubi
1608 1275 1793 1346 mm,
1808 1279 1838 1326 te
1851 1265 1934 1326 ,eda
1949 1285 2011 1327 ,m
2023 1261 2125 1328 pm,

264 1363 393 1430 catere.
1748 1374 1832 1446 Dixi

366 1448 464 1520 Haec
489 1447 533 1518 de
554 1467 656 1516 causa
678 1439 878 1536 propinqua
901 1455 994 1514 recte
1018 1443 1088 1514 dici
1107 1445 1153 1514 ab
1172 1436 1256 1512 Ari-
1834 1431 1845 1450 ⁸

265 1553 388 1627 stotelc
403 1553 585 1622 fateamur.
637 1543 708 1616 Sed
725 1567 805 1614 casn
823 1568 867 1613 ne
880 1557 976 1615 tanta
990 1544 1138 1618 flatuum
1155 1543 1256 1634 copia
1309 1592 2245 1622 ...mmm-

266 1657 305 1745 jn
325 1679 431 1725 unam
446 1651 627 1742 regionem
647 1645 839 1728 incumbit,
865 1661 904 1718 ut
922 1661 1109 1736 concutere
1127 1661 1256 1716 terram

266 1756 400 1854 possit?
419 1751 566 1848 ¹Verum
589 1764 641 1821 est
664 1748 759 1842 qnod
782 1750 916 1820 Seneca
938 1748 1040 1819 dicit:
1068 1745 1201 1820 Omnis
1219 1747 1257 1816 in
1321 1733 1388 1808 No.
1405 1731 1468 1814 56.
2049 1747 2098 1810 29.
2116 1743 2170 1807 lan.
2184 1745 2246 1808 tut

265 1862 348 1954 luga
375 1869 500 1926 ventus
524 1865 593 1938 cst,
631 1851 861 1932 concedamus
886 1875 950 1920 sua
975 1865 1101 1922 natura
1126 1846 1257 1922 balitus
1312 1831 1485 1860 Μ
2069 1836 2236 1870 Μ

267 1963 427 2032 volucres
450 1971 484 2026 et
507 1955 689 2026 instabiles
711 1975 800 2022 esse:
838 1955 897 2020 sed
921 1954 1017 2024 unde
1039 1967 1136 2024 tanta
1157 1950 1258 2044 copia
1376 1949 1715 2026 ¹¹¹Q¹¹²⁰¹0t=¹²⁵⁸ib
1752 1953 1820 2036 ΠΨ
1835 1951 1862 2008 ῑῠ
1878 1949 1984 2012 consil.
2003 1954 2034 2012 Ρ·
2050 1950 2083 2008 ¹¹·
2096 1971 2120 2027 t·
2133 1951 2179 2006 ¹⁹²

267 2051 330 2150 est,
352 2077 385 2132 et
401 2073 518 2130 tantus
532 2057 693 2150 impetus,
718 2067 757 2124 ut
772 2053 858 2126 alias
874 2053 942 2124 alia
960 2055 1257 2126 loca'concutian-

188 2155 191 2164 ⁴
265 2163 351 2240 'tort
376 2159 446 2232 Hic
468 2153 615 2232 haerent
639 2151 799 2252 Physici,
832 2170 866 2224 et
890 2157 1073 2226 latendum
1096 2170 1167 2242 est,
1192 2151 1258 2226 hus

269 2284 439 2342 tremores
467 2261 627 2354 prodigia
656 2282 746 2342 esse,
780 2282 871 2350 qsme
902 2257 992 2326 lium
1019 2259 1192 2330 divinitus
1213 2259 1257 2328 ad

269 2361 634 2440 commonefaciendus
666 2353 828 2432 homines
860 2361 903 2428 de
938 2360 1098 2430 venturis
1122 2363 1258 2452 poenis.

1309 2101 1488 2198 Quaestio
1525 2071 1722 2204 ¹proposito
1754 2107 1808 2182 D.
1845 2118 2049 2188 ilenrico
2079 2109 2266 2196 Stltus·

1308 2217 1465 2288 Ductori
1493 2210 1639 2306 Theoi„
1686 2213 1936 2392 QEbngtor
1964 2214 2074 2292 1554.
2098 2238 2122 2288 o
2144 2213 2237 2287 Paulo

270 2467 443 2542 Fortassis
466 2479 498 2536 et
521 2463 638 2558 aliqua
662 2462 697 2530 vi
720 2463 901 2530 stellarum
925 2475 1098 2550 augentur
1118 2457 1259 2547 halitus,
1310 2447 1661 2535 convenientissima
1696 2479 1745 2535 est
1778 2459 1863 2536 huic
1889 2481 2033 2543 nostrae
2058 2469 2151 2538 aetati
2172 2465 2244 2532 virtus

270 2587 305 2649 rt
346 2567 550 2642 accenditur
590 2566 760 2656 impetus,
799 2577 839 2633 ut
879 2560 1088 2636 Aristoteles
1125 2565 1258 2658 inquit:
1311 2567 1541 2651 verecundia,
1568 2591 1658 2659 quae
1674 2581 1724 2636 est
1740 2569 1838 2660 quasi
1856 2570 2038 2644 nutricula
2060 2563 2245 2641 aliaruntlt·

264 2669 429 2770 Eclipses
445 2669 539 2741 Solis
555 2683 589 2738 et
603 2665 725 2738 Lunae
740 2667 876 2734 adferre
893 2679 1005 2736 terrac
1021 2680 1148 2742 motus.
1183 2664 1260 2738 Ad·
1310 2679 1438 2740 tntum.
1489 2665 1613 2761 Neque
1636 2669 1730 2737 enim
1751 2667 1846 2741 flecti
1867 2672 1911 2740 ad
1929 2665 2245 2751 moderationemulb

270 2775 380 2865 iungo
403 2787 437 2843 et
461 2771 555 2840 diras
577 2769 714 2860 aliquas
736 2767 1004 2836 coniunctiones
1021 2765 1260 2838 Planetarum.
1311 2769 1348 2837 in
1365 2782 1464 2860 parte
1479 2764 1673 2840 honestatis
1691 2785 1805 2863 potest
1820 2773 1867 2858 is,
1893 2775 1957 2868 qui
1982 2797 2055 2844 non
2072 2775 2246 2843 revereturct

267 2875 501 2968 ‚Concurrunt
523 2871 618 2942 enirn
644 2863 729 2940 hacc
754 2871 866 2958 signa.
917 2865 965 2938 Et
989 2871 1095 2940 simul
1119 2872 1259 2938 denun—
1312 2870 1514 2958 magnifacit
1530 2872 1708 2957 virorum,
1734 2887 1864 2954 aetate,
1890 2878 2061 2962 sapientia
2084 2889 2115 2945 et
2133 2865 2246 2941 autlnri-

271 2979 368 3050 ciant
387 2997 531 3066 magnas
554 2971 779 3042 calamitates.
832 2967 1001 3062 Exempla
1026 2971 1063 3040 in
1083 2972 1261 3040 veteribus
1311 2985 1380 3042 tate
1398 2973 1650 3062 praeditorum,
1676 2974 1810 3046 monita
1829 3001 1869 3044 ac
1884 2977 2027 3048 indicia.
2078 2973 2248 3046 Eamvirtn·

271 3075 431 3152 historiis
461 3074 594 3168 ubique
618 3073 722 3142 obvia
744 3085 837 3144 sunt.
900 3069 945 3142 Et
967 3075 1062 3166 qnod
1091 3070 1261 3162 Virgilius
1312 3089 1381 3144 tem
1404 3097 1484 3143 cum
1506 3076 1666 3168 quotidie
1689 3077 1780 3146 veris
1802 3078 1970 3148 laudibus
1994 3079 2095 3148 nobis
2118 3092 2249 3148 commcn-

268 3183 407 3276 inquit:
430 3177 588 3250 lnsolitis
601 3187 823 3246 tremuerunt
837 3175 993 3244 motilms
1004 3175 1126 3266 Alpes.
1161 3173 1259 3246 ldem
1309 3175 1390 3249 dari
1410 3175 1574 3260 audiam,
1600 3190 1633 3246 et
1647 3177 1762 3246 colere
1776 3183 1958 3262 studeam,
1985 3175 2147 3250 nonnihil
2162 3187 2250 3250 metuo,

270 3284 400 3356 accidit
414 3297 495 3352 ante
518 3301 631 3349 annos
654 3275 866 3359 octodecim,
892 3276 1096 3370 priusquam
1110 3273 1261 3347 Carolus
1311 3301 1356 3348 ne
1373 3277 1410 3344 in
1424 3277 1660 3368 suspicionem
1676 3278 1758 3348 vicii
1774 3283 1966 3370 pugnantis
1988 3307 2069 3357 cnm
2090 3277 2150 3352 bac
2162 3277 2251 3344 virtuts

272 3389 417 3458 duceret
429 3382 619 3454 'exercitum
635 3378 671 3448 iu
688 3378 845 3448 Galliam
856 3375 1131 3449 Narbonensem.
1167 3377 1261 3448 Ante
1311 3381 1405 3470 apud
1422 3403 1483 3447 vos
1500 3379 1673 3459 incidam,
1697 3383 1793 3474 quod
1813 3377 1881 3451 huc
1898 3385 1935 3451 in
1950 3407 2146 3462 consessum
2161 3373 2252 3468 gravis

272 3513 387 3574 annos
408 3499 538 3578 septem
562 3496 597 3552 et
620 3479 762 3570 viginti,
795 3493 984 3574 antequam
1000 3477 1111 3550 Turci
1130 3476 1260 3550 Albam
1311 3481 1483 3550 simorum
1499 3493 1533 3550 et
1555 3481 1839 3554 doctissimorum
1857 3485 2017 3558 virorum
2040 3487 2138 3557 toties
2152 3479 2252 3572 prodet·

271 3613 430 3681 graecam
447 3596 632 3676 ceperunt,
657 3596 730 3654 toto
747 3583 866 3652 triduo
882 3581 1010 3652 vicinia
1027 3581 1087 3652 illa
1106 3581 1261 3665 tremuit,
1311 3581 1382 3652 Sed
1397 3583 1576 3654 excusabit
1591 3607 1647 3652 me
1664 3585 1758 3674 apud
1774 3609 1837 3654 vos
1853 3579 1996 3658 scholae
2014 3584 2216 3660 consuetudo,
2233 3587 2254 3644 tl

271 3707 307 3763 et
321 3693 429 3760 molta
445 3685 602 3756 aedilicia
619 3685 770 3776 collapsa
789 3701 883 3756 sunt.
937 3679 1177 3754 Antcbcllnm
1193 3681 1261 3752 Pe·
1312 3707 1456 3764 eorum,
1492 3709 1643 3778 thorum
1675 3689 1835 3778 potestati
1866 3690 1988 3758 divina
2020 3691 2096 3782 lege
2122 3685 2254 3758 subiectus

271 3790 561 3884 loponnesiacum
578 3783 753 3858 Laconica
770 3787 857 3856 adeo
876 3785 1082 3856 terribiliter
1100 3798 1260 3877 quassata
1312 3809 1407 3869 sum,
1439 3781 1655 3871 authoritas,
1690 3811 1796 3880 quam
1830 3791 1996 3880 defugere
2030 3785 2255 3863 coastumacitsn

272 3911 323 3967 est
337 3881 450 3964 terias
467 3903 574 3972 motu,
598 3903 637 3958 ut
654 3902 725 3958 tota
742 3889 871 3978 oppida
887 3888 1095 3972 corruerint,
1116 3887 1261 3956 etmulti
1313 3886 1473 3978 impietas
1503 3901 1601 3957 esset.
1653 3885 1733 3956 Non
1765 3903 1880 3958 atatem
1911 3895 2037 3964 aetatis
2067 3907 2191 3962 nostrae
2214 3885 2256 3952 leti

272 3993 435 4067 homines
451 3991 565 4062 ruinis
581 3989 737 4078 oppressi
754 3990 836 4061 sint.
885 3986 978 4059 Ante
994 4013 1148 4082 pugnam
1165 3988 1260 4060 Leu·
1312 3989 1554 4074 imbecillitas,
1579 3990 1760 4082 inquirere
1775 4013 1895 4062 causas
1910 3989 2019 4072 huius
2034 3993 2158 4084 publici
2172 3981 2256 4056 muris,

271 4093 583 4189 ctricam·.biennio
606 4087 712 4160 Buris
733 4106 766 4160 et
791 4087 913 4160 Helice
937 4104 1051 4162 terrae
1075 4104 1173 4160 motu
1198 4093 1263 4158 ab-
1312 4115 1376 4160 cur
1390 4091 1427 4158 in
1444 4085 1499 4159 bis
1514 4091 1693 4160 seniorum
1710 4094 1974 4182 congressibus,
2001 4098 2107 4168 ctiam
2122 4081 2256 4186 pneristl

271 4212 524 4290 sorptaesunt.
584 4191 779 4284 Eutropius
806 4191 947 4277 scribit,
981 4193 1142 4283 proximo
1165 4216 1260 4260 anno
1311 4191 1502 4262 dicendum
1519 4193 1758 4286 locusaliquis
1773 4195 1818 4266 sit
1841 4197 2047 4272 attributus.
2102 4183 2257 4264 Verisimilt

271 4318 348 4397 post
365 4299 468 4370 Pauli
487 4295 648 4392 Apostoli
668 4319 808 4379 necem,
834 4308 1061 4393 terraemotu
1079 4295 1260 4386 absorptae
1311 4307 1428 4362 tamen
1447 4307 1508 4377 est,
1533 4297 1684 4364 maiores
1699 4309 1838 4366 nostros
1855 4299 2010 4370 voluisse
2026 4296 2082 4370 his
2097 4283 2258 4390 spectaculis

272 4427 346 4474 esse
371 4399 581 4472 Laudiceam
607 4393 844 4481 etculossas,
887 4394 1020 4488 inquo
1047 4397 1261 4484 exemploet
1311 4397 1502 4464 accendere
1527 4396 1565 4462 in
1588 4412 1707 4466 nostra
1729 4411 1838 4469 aetate
1855 4401 2124 4474 adrnirationcm
2145 4411 2173 4466 et
2189 4411 2257 4460 ³¹³⁰·

264 4529 384 4604 'poena
401 4501 617 4592 conspicitur
634 4499 836 4591 impiorum,
862 4498 922 4592 qui
943 4495 1044 4566 Pauli
1062 4498 1259 4566 doctrinam
1311 4521 1385 4566 rom
1399 4492 1527 4566 borum
1549 4499 1768 4584 studiorum,
1795 4525 1883 4592 quae
1898 4497 2080 4578 Ecclesiae
2093 4501 2153 4574 Dei
2173 4509 2258 4566 ηοω·

271 4608 449 4698 aspernati
470 4605 627 4679 lucrant,
660 4616 695 4672 et
717 4600 924 4689 significatio
948 4599 1146 4670 litterarum
1166 4601 1261 4668 cala·
1309 4599 1402 4668 saria
1420 4613 1512 4666 sunt.

270 4709 434 4780 mitatum
450 4703 557 4778 Asiae
572 4704 726 4794 vicinae,
749 4717 782 4774 et
798 4703 983 4783 saeviciae,
1010 4725 1115 4794 quam
1131 4701 1261 4772 Domi-
1412 4697 1592 4770 Videntur
1614 4702 1718 4772 ctiam
1741 4695 1807 4774 hoc
1831 4697 1997 4779 habuisse
2022 4703 2211 4780 consilium,
2234 4699 2259 4758 ”¹

272 4812 391 4883 tianns
413 4809 450 4878 in
472 4833 511 4878 ea
531 4809 603 4900 ipsa
621 4803 719 4874 orbis
740 4818 837 4896 parte
855 4802 1025 4882 exercuit,
1051 4827 1131 4872 cum
1150 4817 1183 4872 ct
1202 4800 1260 4872 lo-
1310 4801 1493 4889 productis
1515 4804 1632 4891 pueris
1652 4803 1689 4872 in
1712 4798 1777 4874 bos
1793 4820 1931 4892 coetus,
1955 4807 2021 4878 ubi
2038 4803 2182 4876 honores
2200 4814 2258 4865 ton·

270 4905 427 5010 hannem
457 4935 577 4981 senem
601 4905 812 4997 Apostolum
843 4907 984 4976 exsrlare
1008 4904 1131 4993 codgit.
1188 4903 1259 4976 Sed
1309 4903 1474 4974 seruntur
1498 4905 1658 4973 doctrina
1682 4909 1940 4994 praestantibus
1958 4911 2064 4992 viris,
2090 4905 2223 4976 seniores
2237 4901 2260 4960 ti

270 5013 395 5110 plenae
411 5027 493 5082 sunt
507 5007 675 5080 historiae
690 5008 943 5098 exemplorum.
1141 5008 1143 5016 ’
1309 5003 1483 5074 doctiores
1507 5006 1543 5074 in
1563 5001 1716 5076 Ecclesia
1735 5009 1779 5076 de
1798 5012 1969 5080 modestia
1992 5003 2260 5082 admonuerunt

291 5110 296 5122 ’
370 5115 475 5210 libane
493 5111 686 5184 clarissime
701 5107 855 5179 Domine
871 5105 1020 5192 Ductor,
1044 5107 1111 5176 iam
1134 5121 1259 5178 ornate
1308 5106 1434 5176 iisdem
1450 5107 1555 5176 etiam
1571 5122 1728 5178 nostram
1743 5103 1833 5178 tnnc
1849 5111 2026 5182 infirmam
2043 5119 2259 5182 aetatemtoft·

267 5211 466 5288 bono'rifico
484 5214 698 5296 testimonio,
723 5225 792 5280 ate
807 5225 899 5300 peto,
926 5224 965 5279 nt
979 5209 1086 5278 latius
1102 5209 1259 5298 disputes
1307 5211 1534 5290 mandarent,
1567 5233 1674 5301 quae,
1710 5209 1799 5281 sicut
1824 5227 1875 5283 est
1903 5215 1995 5284 bona
2024 5235 2105 5304 pars
2125 5198 2259 5281 liedesitt

269 5323 314 5398 de
331 5315 395 5389 hac
412 5317 635 5410 quiaestionc,
660 5341 700 5384 ac
715 5312 938 5382 auditoribus
952 5335 1124 5399 exponas,
1149 5337 1257 5407 quare
1306 5305 1395 5392 Dei,
1417 5309 1564 5399 negligi,
1591 5323 1627 5380 et
1647 5336 1752 5402 prava
1770 5317 1928 5386 doctrina
1955 5329 1988 5388 et
2013 5315 2117 5398 malis
2134 5296 2260 5390 exempli

268 5421 364 5508 luem
380 5422 540 5503 adferant
559 5433 671 5526 terrae
692 5430 820 5490 neotus.
870 5409 919 5488 Et
940 5413 1022 5512 quia
1045 5414 1258 5486 xxxinitantur
1278 5389 1282 5462 Ι
1306 5414 1487 5505 corrumpi
1506 5436 1728 5508 nequaquam
1745 5415 1859 5492 debet.
1910 5417 1979 5490 Sed
2003 5418 2131 5488 omissa
2146 5421 2261 5482 conut-
