4686 6172
117 261 189 352 aar
715 255 1136 358 ouaasrronns
1169 255 1573 364 acanenrcau.
1779 297 1782 306 -
2089 271 2166 366 aro

128 433 193 508 No.
212 431 273 507 69.
879 437 1111 510 inluminat.
1163 433 1332 520 excitato,
1357 455 1437 527 cnm
1462 433 1663 530 dysenteria
1687 459 1813 530 magns
1834 463 1877 510 er
1901 455 2001 536 parte
2024 441 2158 530 cientur

125 529 295 558 Μ
892 531 1106 571 ⁹⁹⁸⁴
1163 537 1209 606 ab
1237 536 1309 608 acri
1333 549 1367 608 et
1388 552 1560 609 venenata
1585 535 1657 608 bile
1679 541 1887 628 arrodente,
1912 556 1947 615 et
1968 569 2031 616 ceu
2053 548 2158 620 abra-

181 645 212 704 ta
230 647 342 718 Queat.
348 667 391 774 ἦ..
404 649 454 704 1⁵8
464 647 629 772 mpntran
644 646 673 702 tn
688 645 745 700 sat.
764 648 840 703 treet.
854 645 888 702 Τ.
903 645 951 704 tv,
972 648 1068 722 pate.
1084 657 1111 704 er
1164 639 1269 709 dente
1291 638 1543 710 intestinorum
1566 639 1750 732 pelliculas
1771 643 1959 716 interiores
1979 651 2156 722 mordaci·

212 715 245 772 T·
262 712 292 771 V·
310 737 337 790 Ρ·
405 727 495 788 ‘²⁸¹'u
556 717 658 772 icharo.
673 717 707 773 Τ·
721 718 754 771 ¹¹·
769 737 795 787 Ρ·
807 716 866 773 ²³⁹·
1163 741 1244 814 tatis
1269 741 1456 812 acredine?
1489 737 1536 812 Et
1558 765 1621 812 cur
1645 745 1802 818 crebrius
1822 739 2154 824 hocelficiantlru·

113 881 288 963 moenio
309 884 506 973 proposito
529 899 554 950 o
579 879 851 950 Laurentio
876 875 1108 968 Miticnr'o,
1161 857 1237 914 ‘¹¹¹⁸
1260 843 1462 928 lffi‘mlu‘l·
1495 868 1538 914 ²¹
1561 867 1689 934 dium
1712 871 1796 967 l⁰f⁰
1825 873 2046 940 ²⁸¹³⁸⁰f¹¹ffls
2076 878 2154 940 ω’,

111 1003 196 1053 cum
211 983 356 1078 prodens
373 986 583 1055 Doctorum
598 985 639 1052 s'n
654 989 741 1052 orte
755 977 905 1051 medico
921 978 1099 1052 tribuere·
1161 969 1251 1038 ‘¹¹¹³‘
1279 945 1333 1014 νει
1362 969 1467 1014 ‘³¹⁰²
1493 961 1658 1018 ⁶⁰n⁸¹³¹¹l
1684 973 1844 1042 ⁶⁰t¹⁰⁸³‚
1884 954 2087 1028 succulenta
2113 981 2153 1028 ae

111 1087 239 1156 trer.
259 1090 472 1158 Heres-ico
489 1090 783 1170 Permaneto,
804 1081 1106 1178 Bnrpwerdensi‚
1160 1045 1389 1138 pflel'lngul’
1414 1047 1469 1116 ⁹²¹
1495 1072 1572 1118 'm
1596 1049 1738 1144 quidem
1762 1055 1822 1126 ”d
1844 1055 1939 1124 dulei
1957 1059 2153 1150 minini-

109 1196 147 1259 et
163 1191 215 1260 Μ.
231 1186 438 1261 mmm
455 1185 690 1274 90250150,
714 1187 871 1282 grymo,
893 1185 930 1256 d.
953 1185 1007 1260 Π.
1025 1192 1106 1259 hm·
1160 1173 1226 1222 neo
1244 1149 1382 1242 liquore
1398 1151 1629 1268 exuberante,
1654 1165 1695 1222 ut
1711 1151 1931 1242 Cocciliana,
1956 1155 2149 1244 Ducacina,

556 1288 665 1364 1551,
893 1358 903 1364 ⁸
1158 1251 1279 1336 Actia,
1303 1253 1529 1343 Aproniana,
1555 1252 1667 1346 magis
1682 1279 1788 1349 quam
1803 1257 1958 1354 reliqua,
1983 1285 2074 1356 quae
2089 1287 2150 1334 ω.

1157 1351 1232 1425 lore
1258 1367 1378 1430 saturo
1405 1356 1697 1446 purpurascentia
1730 1381 1868 1432 acorem
1905 1363 2065 1456 sapiunt;
2105 1389 2147 1438 ex

109 1425 279 1510 Aetatem
308 1452 465 1510 nostram
494 1439 594 1510 decet
625 1437 812 1530 praecipue
837 1459 938 1506 amor
967 1453 1000 1509 et
1029 1451 1105 1509 stu·
1157 1477 1284 1548 genere
1307 1479 1505 1548 prunorum
1531 1480 1628 1528 cerea
1654 1458 1762 1550 magis
1787 1475 1823 1534 et
1844 1457 2016 1552 Agmina,
2040 1491 2148 1562 quam

109 1541 211 1616 dium
228 1543 473 1628 verecundiae,
498 1566 588 1636 qnae
605 1535 673 1610 hoc
688 1562 830 1634 quoque
847 1539 1104 1632 complectitur,
1158 1553 1292 1626 lberim
1307 1557 1382 1626 vini
1399 1581 1523 1650 sapore
1537 1557 1694 1642 aemula,
1721 1561 1814 1634 idem
1831 1565 1989 1657 pariant,
2017 1593 2097 1640 cum
2114 1583 2148 1642 et

109 1655 151 1713 ul
168 1667 249 1712 ‘¹¹¹⁰
269 1639 483 1714 ³dhlb⁶¹¹¹¹¹i
499 1657 595 1714 ““0
618 1642 787 1736 dfallqffli
802 1639 951 1712 ‘⁰¹¹⁵lll0
969 1644 1015 1710 ad
1038 1668 1104 1734 9¹¹-
1156 1659 1292 1730 lructus
1315 1659 1417 1730 crudi
1441 1673 1476 1730 et
1497 1659 1557 1728 illa
1579 1685 1780 1736 cerasorum
1801 1689 1842 1735 ae
1867 1691 2066 1760 prunomm
2085 1693 2146 1764 ge-

108 1745 286 1816 hlicorum
303 1747 436 1816 rituum
455 1743 493 1812 in
511 1739 629 1816 schola
647 1743 857 1835 spectacula,
878 1743 1103 1816 excitatisin-
1157 1785 1240 1832 nera
1272 1785 1375 1830 succo
1403 1761 1552 1834 affluant
1581 1763 1732 1854 frigido,
1771 1761 1858 1839 hm
1888 1771 2053 1843 ,credine
2081 1795 2145 1844 ,ua

106 1861 164 1918 tus
179 1847 311 1917 areimis
325 1849 370 1917 ad
387 1847 543 1940 aliquam
559 1845 889 1928 considerationem,
915 1845 1002 1916 loris
1019 1872 1101 1919 vero
1156 1865 1347 1956 pungendo
1366 1863 1634 1958 vellicandoque
1657 1880 1796 1940 teneras
1817 1869 2068 1946 intestinorum
2083 1899 2146 1946 cu·
2179 1863 2188 1872 ’

105 1948 272 2020 rensibus
287 1951 331 2018 ad
353 1948 481 2019 seriam
500 1949 755 2030 intentionem,
781 1961 815 2019 er
832 1949 961 2043 reliqui
976 1973 1102 2042 corpo·
1154 1965 1280 2036 cicutas
1300 1965 1472 2056 stringere
1489 1967 1627 2036 facilins
1651 1983 1684 2042 er
1699 1971 1850 2044 lacerare
1865 1975 2027 2066 possint?
2050 1971 2145 2048 Cau-

107 2051 159 2121 l'lS
181 2051 358 2142 sedullus,
381 2053 427 2120 all
451 2051 633 2122 (1200ssle
651 2075 690 2122 ilc
712 2052 869 2120 deddldi'ss
892 2053 1100 2124 molle-‘ellam
1152 2091 1226 2138 gam
1241 2061 1334 2138 hane
1352 2091 1425 2138 esse
1442 2067 1614 2146 existimo·
1664 2067 1790 2144 Cema
1807 2088 1843 2144 eg
1864 2099 1978 2168 pruna
1994 2077 2092 2170 largo
2110 2093 2145 2150 ep

107 2151 335 2244 compositis,
368 2174 619 2244 cognoscamus
642 2177 731 2248 quae
758 2153 845 2224 fiant
867 2169 900 2226 et
925 2154 1103 2242 dicantur,
1153 2193 1265 2264 nqueo
1288 2171 1489 2242 redundare
1510 2194 1634 2260 succo,
1668 2197 1779 2268 eoque
1809 2176 1848 2246 in
1872 2179 1953 2248 aliis
1975 2180 2072 2272 plus,
2103 2181 2142 2252 in

108 2277 174 2324 nec
192 2253 250 2322 vel
267 2253 469 2346 importuna
486 2269 519 2326 et
534 2257 737 2348 obstrepere
753 2257 959 2348 garrulitate
980 2259 1102 2329 turbe·
1152 2271 1233 2342 2111,
1245 2273 1365 2344 minua
1380 2273 1497 2344 0210st
1510 2271 1596 2343 soli,
1611 2291 1783 2368 percocto,
1810 2299 1915 2370 „por
1933 2281 2061 2371 „guig
2079 2284 2142 2377 qui

107 2377 188 2426 rnus
205 2369 391 2448 occupatos
407 2357 603 2430 attentione
620 2381 743 2430 sensus
765 2357 937 2444 aliomm,
963 2359 1019 2428 vel
1036 2386 1101 2430 an-
1153 2391 1214 2450 aug
1229 2375 1342 2446 dulcis
1358 2390 1428 2460 ρει,
1450 2387 1511 2446 aut
1527 2400 1569 2446 ex
1582 2399 1696 2472 aqum
1712 2379 1757 2448 ,d
1773 2379 1998 2454 dulcedinem
2015 2385 2143 2456 olm,

107 2459 229 2528 dacter
251 2481 431 2529 sumamus
451 2461 557 2531 nobis
577 2486 636 2548 ea,
661 2485 751 2556 quac
770 2473 855 2530 sunt
870 2461 1044 2530 maiorum
1062 2487 1102 2532 ac
1152 2501 1228 2546 ram
1255 2475 1387 2562 tendit,
1418 2490 1454 2548 et
1486 2477 1584 2570 quod
1612 2479 1775 2571 decerpta
1809 2485 1973 2574 protinus
1996 2485 2049 2556 vel
2076 2511 2144 2580 pu.

105 2571 387 2650 Praeceplfflum·
1152 2590 1330 2662 trescunt,
1376 2577 1432 2646 vel
1470 2591 1569 2668 parte
1603 2581 1773 2671 superflui
1808 2577 1969 2656 humoris
2002 2601 2141 2678 extensa

209 2675 308 2750 Haec
323 2677 481 2768 cogitans
495 2700 575 2748 cum
592 2691 627 2748 et
640 2693 768 2750 natura
785 2697 819 2752 rt
834 2680 956 2752 sedula
971 2705 1100 2774 paren·
1152 2693 1392 2750 emarcescunt
1407 2692 1441 2748 et
1454 2677 1690 2752 flaccescendo
1706 2700 1959 2774 corrogantur,
1985 2688 2142 2784 deniqne

105 2793 183 2852 tum
196 2803 280 2850 cura
297 2793 402 2873 atque
419 2777 643 2852 institutione
661 2783 771 2852 ducar
786 2784 830 2853 ad
849 2782 1006 2854 studium
1022 2783 1100 2856 cul·
1151 2781 1248 2874 quod
1269 2779 1340 2850 levi
1365 2779 1548 2852 occasione
1573 2781 1666 2854 intra
1686 2807 1759 2855 sese
1786 2809 1924 2858 vermes
1944 2806 2142 2882 procreant,

104 2896 255 2976 tumque
266 2879 470 2966 modestiae,
484 2893 518 2950 et
531 2877 741 2954 abhorream
755 2888 800 2956 ab
815 2885 980 2956 indecora
994 2887 1099 2958 aetati
1151 2907 1305 2977 quorum
1329 2907 1403 2954 non
1427 2894 1478 2954 est
1496 2881 1596 2974 origo
1613 2885 1779 2974 aliunde,
1802 2887 1872 2958 nisi
1894 2914 1935 2960 er
1954 2893 2141 2983 putredine

103 2999 249 3056 nostrae
264 2983 493 3076 procacitate,
516 2985 707 3056 difficulter
719 3013 776 3058 me
790 2989 834 3058 ad
850 2990 1041 3060 dicendum
1057 3015 1098 3060 ex
1150 2978 1313 3056 humoris
1336 2985 1608 3072 excrementitii,
1633 3011 1737 3082 quem
1758 2989 1854 3060 calor
1872 2992 2013 3066 nativus
2030 2997 2140 3068 desti-

103 3079 173 3158 hoc
199 3087 280 3158 loco
302 3099 338 3157 et
356 3085 393 3156 in
415 3079 483 3156 hoc
506 3087 723 3180 amplissimo
750 3115 915 3162 consessu
941 3087 1099 3184 pertrahi
1150 3087 1230 3162 tuit.
1280 3085 1441 3158 Dol··edo
1456 3101 1702 3178 argumentum
1718 3103 1769 3162 est
1785 3093 1911 3163 caloris
1927 3095 2037 3180 insiti,
2064 3121 2139 3190 ma·¹

101 3189 251 3260 fuissem
274 3197 413 3281 passus,
446 3187 518 3258 nisi
543 3191 714 3262 autoritas
733 3219 790 3264 me
819 3207 1098 3286 praeceptorum,
1150 3190 1206 3260 ior
1220 3205 1325 3284 atque
1346 3189 1546 3260 evidentior
1566 3191 1759 3274 uberioris,
1784 3195 1964 3268 remissior
1979 3211 2014 3270 et
2031 3195 2140 3272 hehe·

101 3305 137 3362 et
165 3289 277 3362 officii
307 3290 376 3359 mei
399 3303 504 3384 atque
530 3293 753 3367 obedientiae
775 3295 887 3382 ratio,
918 3298 1099 3388 coegisset.
1149 3291 1221 3364 tior
1236 3291 1480 3384 languidioris.
1531 3289 1689 3364 Humida
1708 3295 1826 3390 itaque
1842 3295 2009 3386 illaesae,
2031 3315 2066 3374 et
2082 3301 2138 3374 vel

97 3389 146 3466 Et
169 3393 258 3490 quia
282 3392 415 3487 requiri
436 3420 456 3461 a
477 3395 582 3474 nobis
597 3396 720 3482 video,
744 3422 818 3468 non
843 3412 982 3472 tanturn
999 3415 1038 3472 ut
1054 3401 1098 3470 de
1150 3395 1277 3486 frigida
1294 3395 1528 3466 veltenuiter
1546 3395 1658 3466 calida
1675 3397 1722 3468 ob
1744 3391 1992 3472 humiditatem
2008 3405 2138 3475 eruhe-

97 3495 154 3586 iis,
182 3519 281 3590 quae
297 3495 435 3565 erudite
450 3509 484 3566 et
499 3497 677 3590 sapienter
693 3499 873 3585 dicuntur,
899 3515 991 3572 etex
1005 3502 1096 3574 vivis
1150 3512 1286 3568 cantem
1301 3523 1341 3568 ac
1355 3496 1572 3582 vincentem,
1593 3497 1741 3568 minime
1756 3501 1945 3573 obscurum
1963 3519 2025 3576 est.
2063 3503 2137 3578 Ta-

95 3597 294 3692 exemplis,
318 3621 409 3692 quae
428 3612 510 3670 ante
528 3600 649 3672 oculos
664 3615 804 3672 nostros
820 3603 1097 3690 constituuntur,
1150 3599 1197 3670 lia
1218 3625 1303 3672 vero
1325 3599 1506 3692 putredini
1527 3597 1779 3694 concipiendae
1798 3627 1838 3672 ac
1857 3603 2029 3676 fovendae
2047 3619 2138 3682 'sunt

95 3697 411 3794 pulchritudinem
436 3701 578 3772 virtutis
599 3716 634 3772 rt
652 3707 865 3795 optimarum
884 3705 1014 3776 artium
1034 3708 1095 3776 de.
1150 3703 1300 3772 maxime
1320 3702 1469 3786 idonea,
1501 3701 1609 3796 idque
1636 3715 1671 3773 et
1695 3703 1901 3790 vermiculi,
1929 3707 1990 3801 qui
2012 3709 2137 3802 pronis

99 3827 161 3875 cus
179 3802 382 3892 intelligere
398 3801 573 3873 discamus
589 3819 695 3899 atque
717 3808 907 3898 admirari,
934 3811 995 3878 sed
1014 3809 1097 3878 imi·
1150 3803 1285 3873 innasci
1299 3816 1569 3888 consueverunt,
1592 3805 1794 3875 ostendunt.
1829 3803 1949 3896 Quare
1964 3835 2044 3880 cum
2060 3811 2137 3880 avi-

98 3907 167 3978 tari
184 3905 294 3978 etiam
317 3904 494 3996 proposita
511 3909 669 4000 exempla
691 3931 711 3976 a
735 3910 866 3978 teucris
889 3933 1098 3980 consuesca-
1149 3906 1229 3974 dius
1250 3919 1285 3976 et
1311 3905 1443 3996 largius
1466 3907 1700 3990 devorantur,
1732 3931 1859 4000 corpus
1881 3911 1994 3981 succis
2016 3914 2137 3984 crudis

96 4031 191 4090 mos,
217 4005 325 4077 certis
340 4005 514 4078 exercitiis
530 4010 636 4080 aetati
652 4024 793 4080 nostrae
809 4013 1096 4084 accommodatis:
1149 4007 1304 4099 replent,
1326 4029 1417 4100 quos
1440 4009 1583 4100 quando
1601 4009 1729 4078 debilis
1745 4009 1905 4104 alioquin
1925 4027 1959 4082 et
1982 4013 2136 4084 circum-

96 4105 256 4182 Confido
282 4122 316 4179 et
334 4109 484 4180 consilia
508 4109 588 4196 illa,
619 4133 708 4204 quae
736 4113 978 4184 confirmatior
1003 4131 1097 4187 aetas
1147 4109 1217 4180 susi
1232 4107 1323 4178 adsis
1338 4122 1435 4178 aestu
1450 4123 1613 4179 evocatus
1629 4133 1668 4180 ac
1683 4110 1861 4202 dispersos
1876 4113 1972 4184 calor
1993 4115 2135 4188 nativos

96 4213 232 4286 rectius
267 4209 454 4302 intelligit,
488 4225 523 4284 et
555 4212 778 4284 autoritatem
812 4229 1097 4308 praeceptorum,
1150 4211 1289 4282 vincere
1313 4209 1454 4304 nequit,
1482 4210 1596 4280 relicti
1615 4211 1668 4280 illi
1690 4237 1710 4282 a
1734 4226 1882 4305 natura,
1907 4229 1940 4286 et
1954 4215 2001 4286 ab
2017 4215 2135 4289 alieno

95 4317 157 4386 cui
183 4325 391 4386 reverenter
423 4335 489 4384 nos
520 4314 749 4398 subiicimns,
782 4333 988 4388 excusatura
1013 4341 1098 4404 esse,
1148 4313 1265 4382 calore
1286 4311 1535 4398 circumventi,
1566 4327 1845 4406 corrumpuntur
1866 4341 1907 4386 ac
1931 4331 2136 4410 putrescunt

94 4443 190 4514 quae
208 4414 322 4488 obiici
340 4413 445 4486 aetati
461 4431 601 4488 nostrae
618 4433 790 4510 poterant.
841 4417 1010 4510 Propono
1028 4419 1095 4510 igi·
1136 4429 1245 4514 ¹tauto
1263 4413 1385 4496 citius,
1409 4427 1542 4507 quanto
1559 4413 1708 4486 solidius
1724 4439 1852 4506 corpus
1866 4443 1905 4488 ac
1920 4421 2135 4511 compactius

95 4535 158 4591 tur
180 4520 228 4590 de
255 4540 352 4586 more
375 4527 482 4610 atque
504 4518 665 4592 instituto
688 4508 831 4592 scholae
854 4523 963 4592 veteri
988 4545 1097 4618 quae-
1148 4516 1449 4586 obstructionihus
1481 4515 1619 4584 facilius
1643 4517 1845 4608 corripitur.
1901 4517 2028 4590 Calore
2052 4547 2134 4612 ergo

95 4623 280 4706 ationem,
309 4617 410 4688 cuius
438 4619 624 4712 explicatio
650 4623 848 4692 conducere
873 4623 1002 4716 poterit
1029 4617 1097 4696 ltoc
1148 4619 1401 4710 putrefaciente
1424 4617 1666 4688 incenduntur
1680 4631 1714 4690 et
1733 4635 1924 4692 acuuntur:
1950 4625 1995 4692 de
2013 4637 2135 4715 putre-

94 4723 187 4796 anni
217 4737 379 4814 ternpore
404 4723 447 4792 ad
475 4725 648 4792 cavendas
678 4727 877 4796 occasiones
904 4725 1096 4798 multarum
1148 4719 1300 4790 factione
1324 4719 1496 4790 lentorem
1517 4719 1705 4813 acquirunt
1727 4722 1958 4804 tenaciorem,
1984 4747 2136 4820 cumque

93 4823 391 4919 aegritudinum,
415 4837 450 4896 et
471 4825 665 4896 acuendam
686 4827 905 4916 diligentiam
929 4825 968 4896 in
988 4851 1097 4920 appe-
1148 4837 1182 4892 et
1195 4845 1303 4892 onere
1318 4835 1351 4892 et
1364 4821 1529 4890 acredine
1543 4823 1670 4892 caloris
1686 4823 1851 4894 infestent
1865 4837 2045 4910 naturam,
2069 4827 2135 4897 eii·

94 4933 169 5002 rien
185 4927 462 5017 compescendo,
486 4941 520 4996 et
536 4927 699 5017 regendis
716 4953 756 5000 sc
777 4923 1006 5000 cohercendis
1022 4953 1098 4998 ma-
1148 4925 1293 4998 ciuntur
1322 4925 1464 4996 taudem
1486 4923 1531 4992 ab
1562 4923 1624 4994 illa
1655 4925 1811 5010 irritata,
1843 4927 1902 4998 sed
1929 4929 2064 5000 tardius
2088 4933 2136 5000 ob

95 5033 230 5114 nibus,
268 5051 314 5098 ne
342 5027 516 5122 appetitui
544 5031 787 5124 obsequantur
816 5045 850 5102 et
877 5031 1097 5122 indulgeant,
1149 5028 1320 5098 lentorem
1336 5039 1561 5116 prorepentes
1580 5025 1747 5098 insistunt
1761 5027 1913 5100 subinde
1926 5055 1965 5100 ac
1979 5023 2137 5116 haerent,

94 5133 252 5204 scilicet:
293 5125 368 5200 Cur
402 5153 586 5224 praecoces
618 5145 653 5202 et
686 5134 788 5204 crudi
821 5133 973 5218 smctus,
1008 5157 1097 5228 quos
1148 5129 1333 5221 caloreque
1349 5127 1492 5218 putrido
1510 5127 1669 5218 affligunt
1687 5121 1808 5220 hepar,
1827 5131 2002 5200 acredinis
2017 5123 2136 5202 mdrsu

93 5227 255 5328 ὀπώρας
277 5245 405 5303 vocant
429 5229 581 5320 Graeci,
610 5233 752 5308 avidius
779 5235 927 5328 ingesti,
958 5235 1095 5306 exulce-
1148 5231 1300 5307 erodunt
1331 5228 1508 5304 intestina.
1560 5225 1617 5300 Ad
1641 5243 1826 5326 utramque
1851 5231 2073 5303 affectionem
2102 5247 2138 5304 et

93 5351 181 5410 rent
209 5333 397 5420 intestina,
431 5335 618 5406 commotis
645 5335 717 5406 alvi
744 5337 900 5410 cruentis
922 5335 1097 5408 dellnrio-
1149 5333 1337 5406 retentrice
1358 5326 1496 5422 hepatis
1510 5331 1691 5402 debilitata
1716 5345 1751 5404 et
1768 5333 1932 5402 sauciatis
1950 5333 2138 5418 intestinis,

92 5441 233 5524 nibus,
273 5459 361 5530 quas
393 5429 631 5536 δυσεντερίας
661 5439 872 5530 nominant,
911 5453 948 5512 et
973 5439 1098 5510 dolore
1148 5431 1381 5529 consequitur
1401 5433 1517 5506 lluxns
1539 5433 1612 5506 alvi
1635 5447 1819 5522 cruentus,
1845 5435 1964 5532 quieo
1980 5447 2031 5508 est
2046 5436 2140 5528 peri-

1424 5527 1509 5609 5⁵·
