4686 6172
261 265 339 338 919
752 257 1068 356 ALLOQUIA
1092 259 1168 336 ΕΤ
1201 257 1435 338 BREVES
1465 251 1814 340 conmotus.
2191 278 2244 356 920

146 493 152 504 .
264 443 484 524 libertatem,
509 449 551 510 ut
572 436 858 524 meminerimus,
883 463 960 509 eam
984 439 1161 510 astrictam
1187 461 1259 508 esse
1307 435 1506 507 doctrinam
1523 436 1786 531 percipiendam
1807 454 1981 532 opusest,
1999 443 2244 526 abadolescentia

264 544 437 615 diremtos
450 541 555 612 ccrtrs
572 541 735 610 vinculis.
769 539 865 610 Haec
882 555 1028 634 propter
1041 543 1258 612 voluntatem
1307 537 1855 638 animosassuetiecietmollisi,
1880 558 2048 615 utamare
2068 542 2204 638 honesta,
2220 571 2244 628 et

263 643 331 717 Der
345 665 520 725 amemus
545 655 581 712 et
594 643 748 712 lrbenter
771 643 959 734 patiamur.
1011 643 1192 738 Tyranno
1209 657 1260 715 est
1306 641 1427 730 lugere
1449 643 1709 733 turpitudinem
1731 628 1879 719 discant.
1932 643 2077 741 ltaque
2067 673 2135 720 mre
2152 653 2245 746 deplo-

265 770 403 818 sumere
419 745 486 816 sibi
503 745 702 816 libertatem
713 769 996 816 nonconcessam
1012 747 1159 836 legibus.
1183 736 1263 816 Fu·
1307 756 1389 814 rant
1409 767 1533 812 omnes
1556 745 1701 814 boni
1666 746 1736 814 vrri
1760 741 1829 816 hoc
1849 761 2005 840 ternpore
2021 750 2118 820 nimis
2132 753 2245 828 laxatam

265 873 328 920 ror
343 861 405 932 est
430 871 504 916 non
520 847 707 932 fortitudo
733 849 955 940 descrpbnam
972 863 1005 919 et
1024 848 1258 940 publicarum
1308 867 1381 914 esse
1397 845 1632 935 ‹lucapbnam
1681 846 1751 918 Sed
1769 872 1848 918 cum
1863 850 2025 944 querelae
2044 875 2110 921 noo
2130 857 2245 928 multon

265 964 501 1022 contemnere.
561 946 626 1020 Est
659 949 754 1018 enim
780 963 1005 1041 contemptus
1033 949 1109 1022 Dei.
1166 948 1258 1021 Cum
1308 947 1512 1040 proficiant,
1539 949 1627 1017 illud
1650 963 1701 1018 est
1721 949 1899 1044 reliquum
1918 953 2039 1037 nobrs,
2061 967 2098 1024 ut
2112 956 2213 1025 bona
2205 983 2245 1026 m·

264 1048 329 1124 bas
349 1075 471 1122 causas
495 1051 735 1136 obedientiae,
759 1077 841 1122 cum
864 1052 1087 1123 autoritatem
1110 1051 1257 1142 Legum,
1308 1049 1427 1139 genia,
1459 1063 1631 1142 quantum
1653 1074 1855 1140 possumus,
1888 1053 2017 1124 nostris
2039 1051 2246 1128 cohortationi·

266 1179 346 1226 cum
371 1153 438 1224 Dei
458 1153 691 1245 praesentiam
719 1153 757 1222 in
784 1151 947 1244 imperiis
978 1155 1258 1238 considerabitis,
1308 1152 1375 1222 bus
1396 1151 1525 1220 iterum
1552 1152 1591 1219 iu
1611 1155 1705 1220 viam
1727 1177 1950 1242 revocemus,
1977 1169 2010 1226 et
2029 1157 2247 1244 invitemus,ut

265 1257 489 1346 intelligetis,
522 1280 628 1350 quam
651 1279 725 1324 non
748 1257 950 1326 deceatnos
972 1253 1257 1350 illaCyclopicae
1308 1253 1484 1322 moderari
1501 1253 1653 1345 impetus
1668 1254 1789 1338 animi
1814 1271 1849 1328 et
1864 1251 1953 1328 baec
1965 1261 2151 1329 communia
2165 1262 2245 1332 officia

264 1358 440 1430 libertatis
471 1358 665 1450 cupiditas,
697 1381 737 1428 ac
762 1359 940 1444 statuetis,
972 1359 1135 1452 pietatem
1170 1381 1256 1438 csse,
1308 1355 1423 1424 civilis
1444 1355 1711 1425 consuetudinis
1734 1357 1848 1427 colere
1864 1360 2013 1429 ducant
2062 1357 2106 1432 Et
2118 1375 2246 1456 quantun

264 1456 461 1533 hononbce
476 1471 511 1530 et
528 1473 729 1530 reverenter
745 1461 875 1530 sentire
891 1463 936 1530 de
951 1461 1104 1550 legibus
1129 1483 1256 1553 easque
1308 1456 1589 1526 animadvertere
1622 1481 1785 1549 possum,
1828 1460 1867 1528 in
1898 1461 2129 1532 mediocribus
2149 1465 2246 1534 naturis

265 1585 402 1646 amare,
424 1574 593 1654 tauquam
610 1563 756 1632 coeleste
771 1563 960 1644 donum
950 1588 987 1632 m
1003 1587 1075 1657 quo
1089 1560 1185 1632 Deus
1199 1564 1257 1631 Ιιι
1308 1552 1375 1627 hae
1403 1553 1666 1629 cohortationes
1698 1556 1866 1631 hactenus
1896 1563 2034 1656 aliquid
2063 1566 2245 1656 profecerunt

266 1673 344 1736 cere
372 1689 471 1734 suam
497 1663 706 1754 sapientiam
736 1665 867 1749 voluit,
899 1665 1018 1784 eisque
1046 1665 1202 1734 libenter
1222 1677 1256 1735 et
1309 1658 1429 1749 Quare
1454 1685 1551 1730 nunc
1574 1662 1680 1732 etiam
1702 1686 1765 1731 vos
1781 1658 1970 1745 adhortor
1997 1679 2037 1736 ut
2057 1669 2098 1734 ad
2111 1668 2244 1758 obtemp

263 1791 394 1856 magno
411 1765 529 1836 studeo
549 1789 684 1856 parere.
734 1765 854 1861 Atque
876 1761 994 1838 baec
984 1767 1119 1860 rpsade
1137 1766 1256 1857 digni·
1308 1766 1479 1848 randum,
1522 1777 1556 1833 et
1595 1765 1640 1832 ad
1681 1765 1906 1856 disciplinam
1947 1789 2010 1836 vos
2050 1769 2241 1842 assuefaciant

265 1881 336 1940 tate
358 1869 496 1958 legum,
521 1869 565 1938 de
579 1866 814 1960 imperiorum
834 1869 1121 1940 ordinationibus
1136 1868 1256 1962 quoti·
1308 1861 1516 1934 Aristotcles
1530 1865 1595 1934 ait:
1620 1889 1793 1936 summam
1811 1890 1883 1937 esse
1900 1871 2138 1963 tyrannidem,
2157 1871 2237 1939 inno

263 1973 322 2042 die
338 1970 468 2041 auditis
483 1969 521 2038 in
537 1963 688 2044 Scholia.
739 1969 860 2060 Quare
879 1995 953 2042 non
972 1971 1167 2042 existimavi
1186 1971 1256 2039 mi·
1308 1967 1578 2056 deratamvulgi
1601 1967 1791 2040 licentiam.
1843 1965 1892 2040 Et
1915 1973 2070 2061 prolecto
2092 1969 2237 2064 quidabd

264 2067 400 2144 hilam
434 2071 596 2161 longiore
629 2073 790 2144 oratione
817 2097 907 2164 opus
940 2097 1025 2145 csse.
1084 2073 1134 2146 Ut
1159 2075 1255 2144 eninr
1307 2083 1390 2138 sunt
1405 2091 1510 2162 quam
1528 2070 1690 2164 tyranni,
1715 2069 1794 2150 isti,
1821 2071 1883 2164 qni
1899 2071 2019 2143 nullos
2032 2073 2240 2163 gubernatores

262 2175 325 2244 ille
344 2167 602 2267 pulcherrimae
616 2175 710 2244 vices
731 2187 948 2265 temporum,
974 2189 1008 2245 et
1023 2199 1146 2245 cursus
1162 2176 1254 2244 side·
1308 2171 1424 2240 nullas
1440 2171 1533 2258 leges
1546 2172 1630 2262 pati,
1652 2172 1753 2242 nullo
1771 2172 1848 2242 iure
1862 2176 1978 2246 teneri
1994 2176 2125 2256 volunt,
2141 2171 2242 2269 quisuis

264 2301 364 2360 rum,
389 2290 506 2358 ortus,
539 2299 701 2361 occasus,
724 2297 931 2366 congressus
952 2278 1148 2347 errantium
1171 2277 1255 2346 stel-
1307 2273 1559 2363 cupiditatibus
1572 2274 1690 2342 omitia
1707 2277 1851 2344 concedi
1868 2277 2059 2367 postulant.
2099 2273 2154 2348 Est
2165 2287 2241 2346 aum

264 2380 381 2448 larum
406 2389 440 2446 et
459 2377 652 2461 discessus,
681 2377 914 2446 maximarum
935 2379 1130 2449 utilitatum
1153 2400 1255 2448 causa
1308 2373 1549 2444 inimicissima
1575 2375 1694 2465 generi
1714 2370 1871 2446 humano
1893 2381 2068 2473 tyrannis.
2116 2379 2241 2470 Quautt

265 2479 440 2551 divinitus
465 2477 647 2548 ordinatae
673 2494 771 2551 sum:
810 2480 857 2550 ita
883 2479 1006 2551 scitote
1032 2495 1065 2550 et
1091 2481 1255 2572 politicos
1307 2476 1483 2546 licentiam
1509 2477 1607 2546 illam
1631 2478 1825 2550 existimate
1847 2480 2030 2552 inimicam
2051 2505 2121 2552 esse
2134 2473 2241 2551 societati

264 2605 381 2652 mores
404 2602 610 2671 magnarum
631 2580 825 2652 utilitatum
845 2605 948 2652 causa
968 2581 1254 2652 divinitusordi-
1307 2575 1493 2650 humanae.
1546 2577 1661 2676 Cyme
1686 2584 1779 2670 apud
1799 2577 2073 2674 Xenophontem
2093 2595 2238 2661 narratae
2289 2661 2290 2672 ι

265 2695 368 2754 natos
382 2706 465 2768 esse,
486 2681 651 2752 videlicet
666 2683 761 2775 quod
776 2697 870 2753 certo
886 2685 962 2754 iure
978 2685 1157 2755 connubia
1171 2685 1255 2754 iun·
1306 2705 1454 2772 puerum
1471 2682 1588 2774 plagas
1609 2683 1797 2774 accepisse,
1823 2699 2012 2778 propterea
2029 2689 2120 2782 quod
2134 2709 2194 2756 ιιιι
2205 2679 2241 2748 ἰι-

264 2797 409 2878 ιιιιιίιιι,
427 2785 524 2880 quod
540 2786 710 2855 educatur
722 2797 756 2856 et
772 2785 970 2858 instituitur
985 2787 1134 2870 soboles
1158 2789 1253 2881 quod
1305 2785 1371 2852 dex
1387 2801 1474 2852 esset
1489 2784 1602 2874 gregis
1623 2809 1835 2875 puerorum,
1860 2811 1958 2858 more
1974 2785 2122 2873 Persico,
2145 2796 2242 2856 senteu-

264 2889 434 2958 coluntur
459 2887 667 2976 religiones,
695 2889 790 2981 quod
814 2887 943 2958 iudicia
964 2903 1189 2969 exercentur,
1216 2903 1255 2958 ut
1305 2885 1388 2954 ιιιιιι
1405 2886 1569 2956 tulisset
1559 2909 1731 2980 rorquam
1773 2886 1861 2958 Cum
1880 2913 1976 2958 esum
1991 2893 2063 2962 duo
2078 2900 2243 2976 essentpue

264 2989 480 3080 argumentis
511 3001 546 3060 et
572 2987 733 3059 oratione
752 2989 984 3082 disceptetur,
1018 2992 1255 3084 possessiones
1304 2988 1334 3054 ri
1344 3011 1528 3081 quorum
1545 2989 1634 3057 alter
1647 2990 1918 3078 grandiusculus
1935 3005 1970 3062 et
1986 3015 2170 3088 procerior
2191 2989 2242 3052 bre

264 3093 531 3176 discernantur,
570 3087 858 3184 prohibeantur
847 3091 1017 3179 rniuriae,
1052 3107 1093 3164 ut
1121 3115 1255 3184 poenae
1305 3113 1381 3157 sem
1399 3085 1551 3160 habebat
1569 3091 1747 3175 tunicam
1773 3093 1862 3161 alter
1877 3093 2015 3164 vcrrbus
2030 3109 2064 3164 et
2078 3109 2189 3164 statura
2202 3111 2244 3152 ιιι

263 3194 526 3266 constituantur
549 3191 588 3262 in
613 3193 813 3285 improbos,
840 3195 971 3288 quod'
961 3219 999 3264 m
1015 3190 1145 3266 scholis
1162 3211 1254 3266 artes
1303 3216 1380 3276 nor,
1399 3217 1458 3284 qur
1450 3187 1623 3262 habebat
1637 3146 2015 3283 longibremtunicam,
2029 3188 2243 3277 maioclongio

263 3296 370 3368 utiles
386 3295 478 3366 vitae
492 3307 743 3386 propagantur.
791 3292 842 3366 Ac
857 3297 967 3367 veluti
988 3298 1076 3367 mira
1094 3293 1254 3390 pulchri·
1304 3318 1377 3362 rem
1389 3294 1808 3365 tunicamsodaiiminori
1826 3297 1940 3390 eripit
1968 3298 2005 3368 ls
2016 3323 2094 3368 curn
2106 3307 2181 3366 esset
2190 3289 2244 3358 affe·

263 3399 353 3471 tudo
369 3411 420 3467 est
436 3423 473 3466 m
491 3395 554 3466 allo
571 3397 697 3468 ordine
720 3411 881 3469 motuum
903 3400 1124 3485 coelestium,
1149 3401 1197 3470 ata
1213 3423 1252 3467 ιιι
1302 3395 1534 3478 ctusiuiuria,
1556 3396 2140 3518 desertremtadCyrumiudicem.
2167 3392 2244 3488 Cym

262 3494 333 3570 boc
346 3497 473 3569 ordine
491 3499 653 3589 pobtrco,
678 3500 708 3570 si
727 3513 820 3570 recte
837 3501 1124 3586 considerabitis
1150 3502 1253 3571 miri·
1301 3498 1440 3588 cognita
1454 3522 1568 3578 causa
1594 3499 1808 3590 pronuucrat
1822 3526 1975 3594 aequum
1989 3525 2076 3586 esse
2099 3517 2134 3572 ut
2148 3493 2244 3583 longio-

263 3603 363 3673 licam
394 3596 697 3693 pulchritudinem
729 3625 802 3671 esse
830 3603 1130 3677 animadvertetis.
1180 3601 1253 3675 Nec
1302 3625 1375 3670 rem
1391 3601 1547 3671 tunicam
1564 3597 1691 3672 babeat
1706 3626 1895 3692 procermr
1927 3599 2056 3676 Postea
2070 3627 2144 3674 cum
2156 3617 2242 3706 putt-

261 3729 347 3774 veru
371 3704 445 3772 ulla
473 3698 659 3774 harmonia
689 3717 739 3773 est
769 3704 912 3774 stravior
938 3731 978 3775 ac
1004 3706 1095 3776 vitae
1117 3706 1250 3779 utilior.
1301 3705 1491 3774 careturad
1507 3727 1624 3772 senem
1627 3704 2021 3798 ,quipraeeratpueris,
2034 3689 2242 3786 damnataCyti

264 3804 385 3894 Quare
402 3799 497 3874 hunc
511 3807 686 3887 ordinem
713 3820 745 3874 et
764 3797 1090 3882 bancharmomam
1107 3824 1252 3878 cuntur
1300 3805 1490 3888 sententia,
1517 3829 1620 3876 suum
1644 3807 1772 3898 cuique
1794 3807 1972 3893 redditur,
1994 3823 2028 3878 et
2043 3799 2245 3909 senenCyt¹¹¹¹¹

261 3909 365 3989 bare,
398 3907 599 3976 immanitas
624 3909 797 4002 quaedam
824 3921 876 3977 est
907 3907 1151 3998 indignissima
1185 3905 1251 3979 ho-
1301 3929 1408 3994 vugrs
1424 3909 1520 3976 caedi
1538 3909 1648 3980 rubet
1685 3905 1847 4002 Cumque
1861 3906 2245 4020 Lyrusdssputaret,
2201 3891 2245 3966 oh

260 4010 368 4080 mine.
418 4005 516 4080 Haec
539 4033 581 4079 eo
605 4031 683 4080 sum
706 4009 901 4102 praefatus,
933 4025 1072 4081 tantum
1092 4025 1132 4082 ut
1153 4037 1252 4081 com
1300 4033 1449 4102 aequum
1466 4034 1540 4078 esse
1557 4035 1690 4092 vasum
1716 4010 1910 4100 utlmgmc
1926 4004 2245 4096 ΙιιιὶιιίιιΙιιιιιιιῐιῐῃ

260 4112 516 4183 monesacerem
535 4135 615 4196 vos
640 4125 680 4182 ut
696 4113 995 4204 quemadmodum
1011 4115 1109 4182 decet
1133 4109 1251 4182 homi-
1301 4125 1448 4200 vestem,
1475 4111 1656 4201 respondit
1685 4135 1807 4181 senex:
1850 4109 1942 4184 lusta
1967 4138 2062 4199 esse,
2096 4135 2161 4182 nou
2183 4119 2244 4196 q¹¹¹¹

262 4237 327 4282 nes
357 4213 531 4297 literatos,
565 4167 672 4283 htiius
701 4214 807 4282 officii
837 4239 995 4298 carosam,
1028 4239 1136 4311 quare.
1159 4215 1252 4305 leges
1300 4213 1404 4283 nobis
1428 4213 1665 4284 viderentur.
1656 4238 1784 4308 aequa,
1806 4217 1866 4284 sed
1887 4239 1978 4308 quoe
2001 4217 2133 4306 legibus
2153 4197 2247 4278 consti·

261 4318 435 4384 amandae
460 4329 492 4384 et
508 4315 675 4386 colendae
689 4315 780 4399 sint
806 4316 993 4404 drbgenter
1011 4319 1251 4392 consideretis
1300 4329 1374 4387 tuta
1394 4331 1489 4390 sunt
1542 4313 1618 4386 Hac
1642 4317 1845 4386 narratione
1869 4317 2064 4405 significat,
2086 4337 2146 4385 uos
2164 4311 2245 4396 leg¹¹¹¹

261 4414 402 4488 Detnde
420 4412 488 4486 hoc
503 4417 644 4504 scrtote
670 4441 818 4509 premam
836 4441 908 4486 esse
923 4421 1106 4500 nictantem
1132 4445 1251 4489 assue-
1298 4419 1466 4503 arbitrio,
1496 4442 1571 4488 non
1591 4433 1730 4504 nostro,
1763 4418 1882 4487 vivere
1907 4420 2050 4492 debere.
2107 4415 2245 4506 Atqoce¹

261 4519 338 4589 bers
354 4521 396 4588 ad
415 4518 638 4610 ducrpbnam
654 4534 688 4591 et
703 4522 745 4588 id
761 4519 1009 4594 obedientiam
1053 4519 1150 4591 Hoc
1165 4547 1250 4590 con
1298 4523 1440 4588 demum
1471 4515 1616 4592 honesta
1649 4533 1684 4590 et
1711 4520 1888 4610 praeclara
1913 4546 2007 4604 esse,
2039 4545 2125 4614 quae
2149 4509 2245 4600 tap'bu

260 4623 411 4700 suetudo
435 4645 509 4690 noo
532 4645 574 4689 eo
599 4635 734 4692 tantum
756 4624 913 4712 prodest,
939 4625 1021 4741 quia
1045 4625 1248 4693 confirmata
1298 4624 1515 4713 probantur,
1547 4647 1621 4690 non
1654 4646 1744 4716 quae
1773 4622 1921 4712 privatis
1945 4625 2002 4694 vel
2036 4611 2245 4713 cupidioribus

261 4723 391 4792 ferocia
416 4735 546 4806 aetate,
582 4737 699 4814 postca
732 4723 849 4792 nullas
879 4725 1012 4816 patitur
1037 4725 1145 4814 leges.
1177 4725 1246 4796 Sed
1298 4723 1352 4794 vel
1369 4725 1509 4794 auduus
1522 4737 1703 4814 geruntur
1737 4721 1847 4792 ldeo
1838 4749 1875 4793 ιιι
1889 4749 1988 4794 oman
2005 4723 2073 4792 ιιιιι
2088 4719 2246 4804 rotomo

261 4823 344 4893 ideo
366 4825 472 4894 etiam
494 4827 687 4894 necessaria
711 4839 783 4906 est,
809 4825 1062 4918 quianullus
1052 4852 1089 4896 ιιι
1108 4822 1248 4896 hisbo-
1298 4826 1419 4918 ponite
1456 4827 1566 4915 leges,
1606 4839 1774 4920 tanquam
1811 4827 1918 4896 duces
1954 4841 1992 4898 et
2026 4813 2245 4916 guhematritfl

261 4939 442 4994 nostorum
465 4925 662 4996 officiorum
692 4927 891 4998 intellectus
922 4951 995 4998 esse
1021 4944 1153 5021 potest,
1186 4930 1247 5021 qui
1296 4927 2022 5022 omniumconsiliorumatqueactionnm
2031 4917 2244 5022 ,eaquein1e

248 5047 336 5095 ἰιοιι
359 5042 443 5098 sunt
465 5028 659 5100 assuefacti.
717 5024 887 5098 Doctrina
914 5053 975 5118 per
1000 5055 1037 5099 se
1064 5055 1137 5100 non
1164 5033 1248 5101 satis
1296 5053 1358 5100 vos
1372 5027 1450 5100 Deo
1464 5045 1602 5120 gratum
1618 5030 1732 5099 lacere
1747 5029 1878 5100 statute
1928 5025 2035 5102 Hanc
2049 5017 2243 5098 obedientiam

260 5127 354 5196 valet
373 5131 415 5195 ad
437 5129 641 5200 formandos
663 5130 820 5213 animos,
846 5132 906 5199 sed
928 5147 1247 5202 necesseestacce-
1294 5127 1392 5202 Deus
1414 5133 1537 5202 multis
1565 5131 1702 5220 magnis
1728 5133 1894 5222 praemiis
1916 5132 2073 5202 ornabit.
2127 5121 2243 5198 Econn

259 5229 580 5320 deccdrserplmam
596 5233 638 5300 ad
665 5226 757 5300 hanc
773 5233 1081 5320 assuefactionem
1105 5235 1196 5304 srcut
1213 5245 1247 5305 ct
1295 5233 1459 5304 dubrtare
1475 5259 1548 5304 non
1562 5233 1716 5317 debetis,
1742 5257 1830 5325 qum
1847 5233 2103 5306 contumaciam
2117 5222 2242 5320 gravib¹¹

258 5329 496 5402 Aristoteles
487 5331 619 5424 mqurt
652 5331 700 5403 Ut
723 5347 814 5402 terra
830 5355 903 5400 non
919 5335 1013 5405 fovet
1034 5349 1174 5428 accepta
1191 5359 1245 5404 se-
1294 5337 1418 5424 poeuis
1441 5337 1633 5427 puniturus
1654 5335 1711 5408 sit.
1762 5335 1822 5408 sic
1843 5335 1938 5404 enim
1960 5335 2081 5429 mqnu
2096 5329 2242 5430 scriptur!

258 5433 376 5518 mina,
402 5433 471 5502 uisi
491 5433 536 5502 sit
555 5433 749 5505 subactast
771 5433 909 5504 mollita
932 5438 1104 5508 erectione:
1130 5439 1179 5509 ito
1199 5439 1243 5506 ad
1292 5433 1484 5508 Calamitus
1506 5450 1541 5508 et
1559 5437 1720 5506 conlusio
1738 5437 1869 5508 accedet
1893 5431 1965 5522 bis,
1990 5462 2051 5530 qm
2042 5411 2242 5514 nolanam
2286 5439 2287 5489 ι
