4686 6172
87 307 175 388 sss
578 303 896 404 annooura
929 303 1004 382 ur
1037 301 1276 383 naevus
1309 302 1665 385 cormones,
2067 301 2143 379 sas

87 485 262 579 estquod
278 484 383 556 nobis
399 485 647 572 blandiamur,
673 497 709 556 et
722 507 861 570 causas,
887 507 952 556 cur
967 483 1015 554 ita
1033 483 1097 553 ad·
1147 507 1229 556 rum
1251 483 1406 566 monita,
1438 507 1554 578 neque
1568 495 1794 576 pracceptum
1809 479 1895 564 Dei,
1922 503 1988 552 nec
2005 499 2142 572 poenae

87 589 185 658 llicti
206 587 398 682 miserique
421 588 552 674 simus,
579 609 801 685 quaeramus.
853 584 956 676 Quin
973 609 1096 677 erper·
1148 587 1274 672 etiam,
1296 599 1331 657 et
1356 586 1448 658 mala
1465 601 1586 659 nostra
1604 611 1669 657 uos
1683 587 1850 672 flectunt,
1873 585 1993 657 autad
2009 583 2144 654 sanita-

85 694 274 784 giscamur
295 715 337 762 ex
358 687 427 762 hoe
441 705 607 780 veterno,
632 716 673 763 ac
688 714 754 761 nos
768 691 913 762 tandem
932 685 1096 759 homiues
1147 703 1218 762 tem
1234 703 1424 776 revocant,
1450 703 1536 761 tunc
1556 711 1680 760 revera
1701 691 1931 782 sumus'qood
1947 686 2142 782 Apostolus

85 817 167 867 esse
198 793 413 884 cogitantes,
447 809 644 867 statuamus
671 817 754 864 vera
778 815 870 878 esse,
903 815 993 886 qnae
1018 791 1094 883 ipsa
1147 794 1212 864 ait:
1251 785 1501 890 ἀπηλγηκότες
1506 845 1519 879 ,
1560 805 1595 866 et
1618 793 1751 886 'quovis
1774 791 1883 864 Silice
1914 803 2020 885 atque
2042 789 2141 859 Ada-

84 896 311 992 experientia
341 921 428 984 nos,
477 899 576 993 quod
606 921 689 968 vera
717 897 808 982 sint,
852 895 956 966 fateri
990 895 1095 985 cogit,
1146 911 1268 970 manta
1291 895 1465 970 duriores.
1518 891 1705 966 Adhortor
1725 895 1837 987 igitur
1855 917 1920 966 vos
1937 895 2142 965 adolescen-

85 1024 224 1092 nempe
246 1003 343 1094 quod
360 998 459 1072 Deus
479 1001 592 1092 leges,
619 1002 782 1072 ordinem
805 1021 846 1068 ac
868 995 1093 1089 disciplinam
1147 1013 1216 1084 tes,
1248 1023 1365 1092 neque
1387 1011 1526 1070 tantum
1549 995 1741 1084 adhortor,
1772 1000 1834 1068 sed
1856 1011 1891 1070 ct
1911 1021 1996 1084 oro,
2020 1009 2142 1088 etper

86 1103 181 1176 velit
196 1103 419 1186 conservari,
446 1104 690 1176 obedientiam
708 1105 802 1172 iuxta
818 1095 915 1170 hunc
929 1101 1094 1170 ordinem
1146 1099 1262 1172 Deum
1287 1103 1463 1186 obtestor,
1483 1115 1536 1184 ‚ut
1558 1097 1621 1171 has
1643 1095 1869 1174 scholasticas
1889 1101 1983 1192 leges
2004 1097 2140 1176 ametis,

84 1207 276 1302 requirat,
325 1220 361 1278 et
396 1208 565 1300 praemiis
601 1206 806 1298 ingentibus
837 1225 966 1273 ornare
997 1203 1094 1277 velit.
1147 1217 1182 1274 et
1207 1205 1370 1296 religiose
1400 1205 1501 1274 vobis
1529 1206 1720 1276 servandas
1748 1227 1821 1278 esse
1843 1203 1992 1277 ducatis.
2042 1198 2141 1270 Haec

83 1308 228 1384 Contra
244 1303 413 1396 ἀταξίαν,
438 1310 695 1394 confusionem,
721 1301 1014 1392 ἅκαταστασίαν,
1036 1329 1095 1374 so-
1147 1307 1241 1377 enim
1258 1332 1339 1378 cum
1355 1307 1484 1377 studiis
1497 1308 1623 1378 vestris
1637 1309 1814 1402 sapienter
1829 1307 2039 1391 consulunt,
2064 1319 2141 1374 tum

84 1415 270 1486 lutionem
281 1412 502 1506 disciplinae,
526 1413 664 1484 ordinis
675 1409 992 1503 perturbationem,
1015 1431 1094 1477 mo·
1147 1433 1231 1478 vero
1246 1424 1280 1480 ct
1294 1431 1350 1480 res
1365 1423 1401 1480 et
1415 1434 1564 1504 corpora
1580 1423 1694 1483 vestra
1709 1413 1878 1480 adversus
1893 1409 2044 1480 iniurias
2053 1407 2141 1478 fide·

85 1541 173 1588 rum
191 1516 410 1607 corruptelas
424 1517 517 1588 serio
532 1539 572 1586 ac
587 1509 816 1586 vehementer
831 1512 967 1596 oderit,
990 1525 1094 1605 atque
1147 1513 1230 1582 liter
1250 1513 1432 1585 muniunt.
1483 1508 1669 1587 Retrahite
1687 1536 1817 1607 quaeso
1834 1513 2005 1606 vosipsos
2019 1535 2039 1581 a
2055 1533 2143 1580 con-

85 1615 320 1690 horribiliter
334 1619 466 1711 punire
480 1617 602 1688 soleat.
654 1613 702 1688 Et
717 1615 902 1708 proposuit
915 1615 1021 1686 uobis
1037 1609 1094 1684 his
1146 1616 1257 1687 sortio
1287 1615 1454 1702 illorum,
1487 1618 1551 1710 qui
1581 1618 1629 1687 ita
1660 1617 1833 1688 dissolute
1860 1615 2006 1700 vivunt,
2039 1611 2141 1707 quasi

86 1721 267 1814 proximis
288 1722 395 1792 annis
410 1719 507 1792 Deus
522 1719 606 1792 satis
623 1719 737 1798 tristia
754 1719 879 1790 talium
895 1739 1093 1810 poenarum
1146 1719 1268 1790 nullae
1291 1718 1363 1792 sint
1385 1720 1497 1810 leges,
1523 1721 1622 1794 nulla
1640 1720 1781 1790 vincula
1801 1715 1977 1790 humanae
1993 1717 2142 1788 societa-

85 1823 273 1914 eserupla,
307 1847 398 1916 quae
422 1845 488 1924 nqs
510 1847 755 1908 commovere,
783 1835 819 1892 et
840 1821 1003 1892 timorem
1024 1817 1092 1892 Dei
1147 1823 1211 1907 tis,
1237 1821 1340 1918 quasi
1362 1823 1458 1894 inter
1481 1825 1572 1894 feras
1593 1823 1741 1906 bestias,
1768 1845 1842 1892 non
1866 1816 2142 1893 interhomines

84 1929 127 1998 in
146 1927 277 2011 nobis,
303 1937 338 1996 ct
354 1949 474 1996 curam
491 1927 726 2015 regendorum
744 1947 885 1994 morum
902 1923 1093 1994 accendere
1146 1925 1255 1995 vitam
1272 1929 1412 2015 degant.
1463 1925 1545 1996 Non
1560 1926 1655 1995 enim
1671 1921 1860 1996 hominum
1874 1927 1933 1996 sed
1942 1923 2139 2022 Cyclopum

83 2029 287 2112 debebant,
314 2027 478 2098 siminus
495 2041 614 2102 nostra
629 2041 755 2120 sponte
773 2041 807 2097 et
822 2027 934 2118 ipsius
951 2026 1093 2095 virtutis
1147 2023 1184 2097 hi
1200 2051 1315 2097 mores
1330 2043 1432 2108 sunt,
1458 2042 1550 2100 totas
1567 2042 1687 2099 noctes
1702 2029 1740 2098 iu
1759 2027 1902 2120 publico
1918 2023 2142 2108 tumultuari,

82 2153 214 2204 amore
238 2129 427 2204 flectimur.
479 2129 708 2202 Recte'enim
729 2129 1094 2200 dictumestaveteri
1145 2129 1289 2200 furiosis
1324 2132 1538 2202 clamoribus
1571 2131 1693 2202 omnia
1723 2133 1920 2224 complere,
1958 2127 2141 2207 conviciis,

83 2237 210 2323 legum
244 2232 446 2304 conditore:
478 2227 734 2304 Obediendum
760 2255 833 2302 esse
856 2231 1015 2321 legibus,
1040 2246 1094 2302 at·
1146 2233 1305 2324 lapidum
1324 2235 1430 2318 iactu,
1456 2235 1618 2303 armisin
1635 2247 1788 2334 paqatos,
1814 2237 1972 2328 adeoque
1987 2232 2142 2301 inermes

83 2360 157 2430 que
181 2334 331 2424 flagitiis
351 2335 624 2419 abstinendum,
665 2359 712 2404 ue
735 2336 920 2404 turbemus
944 2355 1094 2404 concor-
1146 2349 1252 2428 atque
1275 2337 1482 2406 innocentes
1505 2333 1669 2407 hostilem
1694 2337 1734 2406 in
1755 2337 1900 2406 modum
1920 2325 2141 2416 debacchari,

83 2440 207 2521 diam,
236 2459 326 2529 quae
349 2431 507 2508 humano
531 2437 653 2526 generi
676 2461 756 2508 curn
782 2435 858 2507 Deo
881 2459 955 2506 esse
979 2437 1092 2508 debet.
1145 2459 1352 2530 oppugnare
1380 2431 1615 2510 honestorum
1642 2441 1773 2510 civium
1795 2441 1918 2519 aedes,
1951 2436 2140 2526 effringere

70 2541 159 2640 ,Sed
191 2537 279 2631 quia
311 2531 397 2608 haec
430 2539 630 2610 reverentia
665 2554 699 2610 ct
730 2539 945 2610 verecundia
974 2538 1094 2608 miuus
1145 2541 1258 2618 fores,
1283 2540 1472 2626 fenestras,
1493 2543 1822 2612 turbaresomnum
1839 2540 2045 2636 puerperis,
2070 2539 2141 2608 mi·

84 2641 227 2712 multos
257 2653 393 2725 movet,
426 2642 550 2712 saltem
576 2665 773 2733 poenarum
796 2639 1025 2729 magnitudo,
1059 2653 1094 2710 et
1145 2642 1303 2735 serisque
1319 2645 1471 2734 aegrotis
1487 2667 1528 2712 ac
1541 2644 1706 2728 senibus,
1733 2645 1903 2736 dissipare
1919 2643 2085 2712 tabernas
2101 2641 2140 2710 in

86 2755 236 2814 nostrae
258 2765 450 2814 aerumnae
473 2767 540 2814 nos
564 2743 604 2812 in
629 2745 724 2814 viam
748 2755 933 2826 revocent,
959 2742 1092 2830 cogite·
1144 2745 1243 2829 foro,
1268 2767 1393 2816 currus
1416 2757 1451 2817 et
1477 2745 1649 2842 quicquid
1666 2746 1832 2820 occurrit.
1885 2743 2023 2838 Turpia
2040 2743 2138 2814 dictu

85 2869 170 2918 mus
188 2843 331 2938 qualem
348 2846 644 2935 gubernationem
661 2841 858 2930 Ecclesiae,
883 2869 989 2938 quem
1004 2843 1093 2918 Rei·
1144 2842 1232 2916 haec
1260 2861 1362 2931 sunt,
1396 2861 1430 2919 et
1461 2847 1708 2940 indignissima
1731 2849 1793 2920 tali
1816 2841 2005 2919 hominurn
2026 2857 2141 2930 coetu,

88 2949 259 3044 publicae
281 2960 432 3030 statum,
458 2949 515 3018 vcl
538 2948 606 3040 ipsi
624 2943 784 3020 habituri
800 2949 930 3034 simus,
955 2947 1012 3016 sel
1029 2971 1093 3038 po-
1145 2949 1183 3018 iu
1199 2971 1271 3044 quo
1287 2973 1368 3020 cum
1382 2963 1485 3022 sonet
1500 2951 1661 3022 doctrina
1674 2951 1741 3021 filii
1757 2948 1843 3038 Dei,
1866 2975 1947 3022 cum
1961 2943 2141 3022 honestis-

91 3052 199 3126 stcris
225 3049 405 3136 relicturi,
438 3051 469 3120 si
493 3051 702 3144 disciplina,
735 3065 769 3122 et
791 3047 995 3122 reverentia'
1012 3071 1092 3138 erga
1145 3051 1316 3122 simarum
1344 3053 1474 3123 artium
1505 3055 1622 3126 studia
1644 3054 1815 3140 floreant,
1846 3056 1919 3124 vita
1942 3075 2087 3150 quoque
2107 3063 2142 3122 et

84 3157 183 3246 leges
203 3151 367 3232 sublata,
392 3153 544 3247 quisque
562 3153 631 3224 sibi
648 3154 842 3224 vivendum
859 3152 1017 3244 putabit,
1045 3151 1093 3222 si·
1143 3177 1261 3224 mores
1285 3149 1341 3224 his
1363 3156 1491 3228 studiis
1512 3159 1713 3228 conformes
1734 3179 1807 3227 esse
1824 3157 2013 3230 debebant.
2067 3151 2141 3226 Da-

84 3273 146 3332 cut
160 3256 278 3342 libet,
303 3255 361 3326 vel
376 3255 468 3326 sicut
482 3257 616 3327 furiosa
632 3256 764 3348 cupido
782 3257 892 3326 iubet.
940 3251 989 3326 Et
1004 3278 1092 3349 qua·
1145 3257 1236 3330 bunt
1261 3256 1372 3346 igitur
1397 3253 1492 3330 haud
1516 3259 1625 3330 dubie
1646 3260 1870 3350 gravissimas
1893 3283 2027 3352 poenas
2048 3254 2141 3340 Deo,

80 3363 133 3434 les
156 3382 228 3432 voa
244 3359 500 3448 gubernatores
517 3359 716 3451 respublica
733 3373 849 3430 vestra
866 3357 1035 3450 accipiet,
1061 3357 1090 3428 si
1144 3360 1206 3455 qui
1231 3355 1317 3430 haec
1341 3373 1437 3431 tanta
1454 3363 1548 3432 dona
1565 3363 1688 3432 diviua
1703 3357 1948 3454 prophanant,
1973 3375 2006 3432 et
2024 3360 2141 3452 turpi·

81 3489 158 3538 uon
181 3460 260 3556 ipsi
283 3462 505 3558 aequissimis
526 3463 679 3553 legibus,
706 3475 740 3534 et
764 3463 808 3532 iis
831 3461 894 3558 qui
911 3475 1091 3553 praesunt,
1144 3463 1271 3534 tudine
1294 3463 1476 3554 vitae,„ac
1498 3465 1640 3554 flagitiis
1661 3465 1735 3535 suis
1749 3466 1949 3536 doctrinam
1966 3487 2087 3534 sanam
2105 3473 2139 3531 et

86 3591 214 3662 parcre
236 3563 459 3634 didiceritis?
510 3563 608 3636 Male
632 3565 726 3636 euim
744 3565 910 3658 imperat,
936 3564 1092 3657 quinon
1144 3567 1333 3636 salutarem
1356 3567 1577 3648 deformant,
1602 3561 1711 3660 atque¹
1722 3565 1896 3658 Spiritum
1919 3580 2080 3637 sanctum
2099 3565 2139 3634 in

86 3671 191 3766 prius
212 3667 364 3740 obedire
381 3667 518 3742 didicit.
571 3663 783 3740 Plutarchus
799 3669 865 3738 ait:
893 3668 988 3737 idem
1005 3689 1091 3747 esse,
1144 3669 1212 3760 piis
1226 3669 1405 3740 mentibus
1422 3693 1586 3740 moerore
1603 3670 1785 3743 adficiunt.

86 3797 200 3868 puero
221 3769 447 3841 committere
466 3769 643 3861 gladium,
668 3772 767 3840 fatuo
784 3771 946 3854 divitias,
971 3765 1090 3840 etho-
1250 3768 1422 3842 Videmus
1455 3767 1524 3842 hoc
1554 3773 1715 3862 tempore
1747 3795 1836 3864 pene
1863 3785 1978 3844 totum
2002 3770 2139 3850 orbem,

85 3877 174 3948 mini
200 3872 415 3966 discipliuae
438 3874 582 3963 ignaro,
608 3889 714 3968 atque
738 3873 939 3966 impatienti
957 3874 1089 3962 guber·-
1141 3872 1328 3944 diabolicis
1344 3875 1528 3946 furoribus
1545 3877 1749 3962 incensum,
1774 3897 1878 3946 ruere
1894 3875 1934 3944 in
1952 3869 2138 3946 horribilia

84 3981 284 4050 nationem.
336 3972 457 4069 Atque
471 3973 665 4066 Ettripides
689 3977 787 4044 illam
807 3992 941 4068 partem
956 3975 1088 4044 civium
1141 3977 1271 4046 scelera
1295 3989 1330 4048 ct
1350 4001 1492 4069 poenas.
1544 3973 1685 4049 Ardent
1702 3973 1916 4048 monarchae
1931 3977 2015 4046 odio
2029 3969 2140 4046 Chri-

85 4083 256 4154 adfirmat
279 4101 488 4148 conservare
513 4079 712 4163 civitatem,
744 4101 834 4172 quae
857 4091 898 4148 ut
922 4079 997 4170 ipse
1023 4077 1088 4148 ait:
1142 4079 1187 4152 sti
1211 4101 1250 4149 ac
1275 4079 1436 4172 piorum,
1468 4095 1615 4174 propter
1635 4094 1771 4150 taxatos
1793 4081 1999 4151 idolatriros
2021 4077 2139 4149 cultus

84 4177 234 4276 κόσμον
257 4171 459 4278 φυλάσσει,
485 4177 616 4253 ὅντινα
637 4175 686 4254 ἂν
710 4173 801 4274 δόξῃ
824 4173 946 4266 πόλει,
973 4180 1090 4264 idest,
1143 4195 1178 4252 et
1193 4195 1301 4254 tetras
1315 4178 1567 4276 blasphemias,
1593 4207 1745 4278 quarum
1761 4183 2003 4253 defensionem
2020 4201 2139 4252 susce-

84 4289 255 4358 ordinem
278 4298 484 4369 conservat,
511 4284 574 4378 qui
597 4285 643 4354 ab
668 4283 909 4355 eadnstittrtus
928 4297 990 4353 est.
1043 4279 1090 4354 Et
1141 4297 1283 4376 peruut.
1334 4283 1483 4356 Ludunt
1501 4286 1711 4357 monstrosis
1723 4287 1956 4380 opinionibus
1972 4280 2138 4355 homines

84 4391 193 4474 alibi,
218 4383 318 4456 Tace
340 4385 476 4480 inquit:
503 4383 611 4475 Quod
634 4389 735 4457 iubes
758 4401 792 4457 et
814 4387 908 4458 inter
926 4381 1090 4456 homines
1140 4386 1295 4478 ingeniis
1316 4401 1350 4458 et
1373 4389 1536 4460 doctrina
1558 4390 1741 4473 instructi,
1767 4391 1861 4458 laxat
1883 4389 2003 4458 frenos
2019 4385 2137 4457 omnis

85 4495 292 4564 societatem
310 4503 512 4571 conservat,
538 4491 575 4560 id
592 4515 704 4562 uncam
722 4503 792 4574 est,
817 4513 946 4582 nempe
962 4502 1002 4558 ut
1019 4483 1088 4558 ho·
1142 4489 1282 4580 generis
1303 4491 1559 4583 cupiditatibus
1582 4491 1746 4561 insanum
1769 4492 1911 4581 vulgus,
1937 4513 2003 4561 nec
2016 4489 2136 4558 miuus

84 4597 201 4665 mines
222 4591 343 4681 legum
365 4593 590 4664 autoritatem
613 4617 719 4687 quam
735 4593 885 4662 maxime
899 4593 1034 4662 salvam
1053 4605 1088 4660 ct
1141 4593 1294 4664 multum
1319 4607 1371 4664 cst
1394 4587 1463 4665 hoc
1484 4609 1644 4686 tempore
1659 4589 1847 4664 hominum
1864 4589 2137 4686 Epicureorum,

86 4697 308 4768 incolumem
332 4711 406 4764 csse
426 4695 548 4764 velint.
600 4695 713 4787 Saepe
728 4687 814 4764 haec
829 4701 1012 4786 praecepta
1032 4719 1088 4763 re·
1140 4719 1246 4789 quam
1270 4695 1339 4767 fuit
1361 4693 1546 4768 Ciceronis
1569 4707 1700 4782 aetate,
1732 4721 1811 4767 cum
1835 4693 2135 4790 praestantissima

87 4812 280 4890 petuntur,
305 4809 340 4866 ct
361 4795 588 4868 inculcantur
611 4799 657 4870 ab
680 4792 908 4884 authoribus,
933 4821 1086 4892 quorum
1141 4821 1302 4892 quaeque
1326 4798 1468 4890 ingenia
1493 4801 1574 4868 illos
1596 4798 1769 4868 immanes
1794 4821 1932 4870 errores
1953 4821 2019 4889 pro
2041 4795 2136 4866 veri-

86 4903 218 4994 scripta
243 4899 282 4968 iu
306 4893 373 4970 hac
392 4892 513 4968 schola
536 4915 765 4984 enarrantur,
803 4902 865 4970 sed
889 4925 955 4970 nos
976 4899 1088 4992 magis
1139 4913 1210 4971 tate
1231 4901 1432 4976 adorarent.
1484 4901 1559 4972 Nos
1581 4901 1620 4972 in
1643 4895 1700 4971 his
1716 4903 1823 4972 tantis
1837 4901 1993 4971 tenebris
2007 4899 2135 4968 mundi

87 5005 195 5075 etiam
212 5023 436 5072 commovere
453 5002 556 5072 debet
572 5027 640 5072 vox
656 5003 796 5088 divina,
822 5027 913 5096 quac
928 5003 1031 5074 toties
1048 5003 1086 5072 in
1138 5027 1324 5097 precemur
1344 5004 1456 5075 lilium
1473 5001 1562 5090 Dei,
1587 5019 1629 5076 ut
1650 5004 1688 5076 iu
1711 5003 1781 5073 lide
1806 5019 1840 5074 et
1862 5005 1970 5073 verbo
1986 5025 2051 5072 suo
2066 5023 2134 5070 nos

87 5105 196 5178 sacris
218 5103 333 5176 literis
354 5105 399 5174 ad
421 5103 662 5176 obedientiam
685 5129 765 5196 erga
784 5105 895 5196 leges,
921 5121 1025 5202 atque
1041 5107 1085 5176 ad
1138 5107 1343 5178 obedientes
1364 5119 1569 5191 conservet,
1603 5119 1636 5176 et
1655 5105 1794 5198 Spiritu
1817 5119 1939 5177 sancto
1963 5129 2027 5176 suo
2048 5103 2135 5173 illu-

87 5207 332 5300 disciplinam,
373 5219 408 5278 ct
436 5199 586 5278 honesta
615 5207 751 5294 officia,
787 5209 981 5301 propositis
1011 5231 1085 5278 non
1139 5211 1271 5295 minet,
1304 5209 1480 5300 gubernet
1498 5223 1605 5305 atque
1624 5209 1834 5292 sanctificet,
1860 5223 1900 5279 ut
1925 5231 2000 5278 uon
2022 5205 2133 5276 simus

86 5323 228 5382 tantum
259 5332 457 5402 poenarum
482 5323 518 5381 et
541 5309 783 5402 praemiorum
807 5313 994 5404 exemplis,
1025 5335 1088 5380 re-
1138 5335 1220 5382 rasa
1243 5313 1333 5398 irae,
1358 5313 1418 5382 sed
1444 5335 1526 5383 vasa
1546 5311 1678 5402 gratiae
1703 5325 1735 5382 et
1758 5310 2022 5380 misericordiae
2038 5305 2134 5378 divi-

86 5435 167 5482 mm
190 5411 298 5483 etiam
320 5411 550 5504 amplissimis
572 5411 890 5506 promissionibus,
912 5437 979 5486 nos
999 5409 1086 5484 hor·
1137 5437 1222 5500 uae,
1253 5431 1364 5510 utque
1385 5437 1492 5508 opera
1514 5409 1683 5484 sathanae
1703 5413 1742 5482 in
1765 5413 1872 5484 nobis
1892 5415 2134 5494 destruantur,

86 5527 192 5589 tatur.
253 5511 362 5606 Quod
390 5514 421 5586 si
452 5538 570 5612 neque
591 5509 780 5588 hominum
808 5517 1087 5612 sapientissimo·
1137 5529 1172 5588 et
1193 5517 1281 5590 baut
1303 5541 1409 5612 opera
1434 5515 1609 5612 placentia
1623 5515 1714 5588 Deo.
1767 5514 1881 5612 ldquc
1901 5513 2031 5588 utheri
2049 5535 2134 5608 pos·
