4674 6162
94 287 168 370 tat
884 285 1346 391 supernatantes.
1946 405 1949 412 Ι
2053 295 2125 414 tas

89 468 177 536 adeo
191 459 298 536 multi
314 477 520 538 nostrorum
536 463 629 542 banc
646 493 721 540 rem
737 455 1090 561 adeo‘per'vesttgant‘
1129 459 1203 534 Nec
1226 462 1321 536 enim
1350 460 1443 560 mibi
1469 481 1532 540 aut
1560 468 1726 564 cuiquam
1756 463 1964 560 hominnm,
2002 495 2119 566 quan-

88 567 259 654 sollicite,
285 567 367 660 quis
384 569 545 640 omnium
562 572 696 657 extitit,
711 572 773 667 qui
789 567 906 644 adbuc
921 575 978 642 vel
992 598 1078 666 pro·
1129 591 1235 660 quam
1260 568 1346 640 citra
1367 571 1516 642 verbum
1540 571 1612 642 Dci
1640 573 1826 645 excludere
1848 597 1957 666 reguo
1982 569 2117 648 Christi

86 671 277 764 posuisset,
314 671 360 738 ad
386 672 582 764 principem
606 674 742 768 aliquid
767 669 981 761 haedere,
1015 688 1077 764 aut
1128 693 1332 740 concessum
1356 685 1417 743 est.
1477 668 1527 744 At
1555 674 1697 744 nullum
1721 677 1870 748 verbum
1893 677 1989 772 quod
2013 677 2117 771 equi-

84 797 200 844 coram
216 769 353 858 verbis,
378 787 441 844 aut
460 776 587 844 absens
607 777 745 868 scriptis
763 777 910 848 deferre.
962 773 1076 872 Atqui
1128 771 1357 854 demetiam,
1392 788 1505 860 extat,
1534 779 1630 870 quod
1653 777 1702 847 ita
1727 801 1805 863 eos,
1838 779 1901 871 qui
1926 779 1989 850 tali
2012 793 2114 872 pacto

84 872 337 946 siueevocatio
355 877 593 948 nccvoluntas
609 891 660 950 est
673 879 978 974 corrigendiquod
995 889 1076 970 pec·
1126 874 1258 961 factum
1277 876 1455 946 veteribus
1471 879 1770 970 dispensationem
1787 881 1856 952 sibi
1871 883 2114 974 usurpandam

88 991 201 1050 catum
219 992 285 1060 est,
302 999 370 1068 qua
379 1001 507 1070 quaeso
517 980 707 1052 dilectione
723 983 925 1072 vestigatur,
939 984 1075 1052 iudica·
1127 975 1346 1058 existimant,
1373 980 1417 1048 de
1439 979 1637 1052 concubina
1654 981 1758 1054 uxori
1784 975 2007 1076 adiungenda
2025 1007 2114 1078 qua·

86 1096 151 1166 tur,
167 1080 432 1150 condemnatur
445 1084 540 1174 quod
558 1098 737 1173 peccatum
750 1107 874 1154 rumor
888 1098 1026 1155 tantum
1040 1098 1075 1154 et
1126 1077 1208 1146 liter
1226 1079 1350 1172 scripsi
1369 1083 1548 1152 consortio
1573 1069 1672 1174 regiri
1695 1079 1829 1156 Christi
1857 1086 1990 1172 eiiciat,
2023 1086 2114 1156 sicut

84 1183 166 1254 mali
181 1175 368 1266 homines,
402 1183 463 1274 qui
484 1184 609 1254 alienis
627 1187 730 1256 maiis
751 1186 819 1278 ipsi
839 1187 1072 1272 delectantur,
1125 1193 1218 1250 extat
1234 1183 1382 1252 verbum
1397 1185 1441 1258 de
1456 1185 1637 1254 eiiciendis
1652 1187 1924 1268 scortatoribus,
1949 1185 2113 1274 ebriosis,

83 1284 386 1380 quemadmodum
406 1284 570 1356 Scarabei
586 1301 739 1358 stercore
760 1309 802 1358 ex
824 1313 895 1382 quo
919 1313 1072 1360 nascun-
1124 1281 1410 1364 fornicatoribus.
1467 1285 1578 1378 Leges
1601 1287 1723 1358 civiles
1743 1287 1856 1380 ligant
1876 1289 2021 1384 quidem
2041 1283 2112 1359 bo-

83 1401 157 1473 tur,
198 1385 252 1456 ita
274 1385 381 1456 etiam
402 1387 568 1484 delectari
597 1390 687 1461 alius
712 1389 860 1472 volunt,
896 1405 1070 1462 accusant,
1122 1383 1237 1453 mines
1259 1380 1488 1473 christianos,
1526 1389 1580 1460 uti
1612 1389 1717 1460 etiam
1738 1392 2011 1464 consuetudines
2033 1414 2109 1462 nun

85 1489 167 1560 Cum
189 1487 315 1582 itaque
339 1511 412 1558 non
436 1489 610 1577 viderem,
643 1493 739 1584 quod
775 1485 859 1562 huic
891 1495 1007 1580 malo,
1041 1493 1072 1562 si
1123 1509 1186 1576 per
1202 1509 1238 1554 se
1254 1489 1436 1574 malae,at
1451 1515 1524 1560 non
1539 1492 1587 1562 ita
1605 1507 1645 1564 ut
1659 1493 1687 1561 si
1707 1493 1787 1587 quis
1799 1493 1876 1564 siue
1893 1494 2107 1582 contumelia

91 1593 224 1686 quidem
243 1589 438 1686 admissum
464 1592 526 1678 sit,
558 1617 622 1662 vos
645 1594 842 1664 remedium
864 1595 990 1666 afferre
1015 1595 1071 1666 vel
1123 1587 1365 1658 remissionem
1396 1591 1552 1684 aliquam
1586 1594 1729 1664 illarum
1758 1596 1827 1666 sibi
1857 1595 2055 1686 permittat,
2088 1619 2108 1666 a

87 1693 214 1764 velletis
240 1693 301 1784 vel
323 1693 489 1784 possetis,
514 1695 623 1766 debui
645 1697 769 1768 vosab
791 1696 1070 1788 eiusinvestigs.
1121 1686 1279 1760 Domino
1307 1693 1435 1762 sanctis
1464 1695 1551 1763 olim
1577 1695 1773 1784 indultam,
1816 1722 1897 1768 mox
1930 1697 2109 1792 impietate

83 1799 174 1866 tione
198 1808 378 1880 avertere,
410 1819 485 1866 non
520 1799 559 1868 in
593 1821 670 1868 eam
702 1799 883 1872 inducere,
935 1797 1069 1891 Scripsi
1122 1792 1414 1862 condemnandus
1438 1795 1485 1866 sii
1507 1810 1541 1866 el
1562 1799 1804 1869 exturbandus
1825 1824 1844 1870 e
1865 1800 2006 1872 civitate
2028 1797 2107 1870 Dei·

81 1901 195 1994 itaque
212 1919 273 1980 ea,
301 1919 391 1990 qnae
410 1899 494 1968 novi
518 1923 600 1970 vera
620 1923 693 1970 esse
718 1915 943 1990 argumenta,
968 1903 1070 1994 prin.
1121 1889 1230 1964 Venit
1253 1896 1347 1964 enim
1364 1897 1457 1966 iilius
1473 1891 1641 1985 hominis,
1664 1913 1902 1994 lllqtlaerel'el
1918 1902 2105 1974 elsaivum

81 2005 189 2094 cipern
216 1993 316 2112 lraqd
338 2023 515 2092 quaquam
539 2002 609 2071 tale
631 2003 765 2095 aliquid
787 2003 929 2084 fecisse,
965 2005 1068 2098 quale
1118 1993 1265 2079 fuceret,
1292 1993 1535 2092 quoffidperiit'
1571 1996 1636 2071 Est
1657 2021 1800 2097 quoque
1820 2003 1877 2074 sui
1896 2003 2041 2088 similis,
2067 2013 2107 2075 ut

81 2119 127 2174 est
152 2103 210 2186 id,
243 2101 342 2196 quod
367 2103 411 2172 de
430 2125 472 2172 eo
488 2100 625 2173 inimici
641 2100 829 2194 Evangelii
850 2119 1068 2198 sparserunt,
1120 2099 1218 2190 quod
1240 2099 1326 2168 olim
1354 2099 1391 2170 in
1420 2101 1550 2172 sanctis
1574 2103 1647 2174 suis
1671 2103 1773 2192 tulit,
1803 2105 1915 2198 possit
1941 2119 1975 2176 el
1996 2101 2105 2176 bodie

81 2203 254 2278 Voluistis
276 2226 335 2272 me
355 2225 500 2282 mouere
521 2208 566 2276 de
586 2205 874 2278 sinistracontra
895 2233 952 2276 me
972 2210 1066 2278 exci·
1118 2199 1211 2268 serre
1243 2201 1411 2296 ducitque
1443 2228 1526 2278 suos
1562 2229 1824 2302 nonnunquam
1856 2205 1916 2278 viai
1949 2208 2105 2278 insolita.

82 2323 143 2382 tata
161 2310 277 2391 sama,
303 2305 357 2394 egi
373 2307 519 2396 gratias,
542 2309 736 2402 putavique
752 2333 814 2380 vos
832 2310 900 2380 iam
926 2311 1067 2388 intactos
1120 2297 1296 2390 Quocirca
1312 2327 1375 2394 ego
1397 2305 1434 2375 in
1451 2307 1580 2380 talibus
1593 2309 1700 2379 rebus
1717 2309 1838 2380 malim
1854 2308 1893 2380 in
1910 2309 2102 2380 iudicando

79 2412 190 2482 officio
208 2421 348 2493 vestrm
374 2408 404 2476 si
422 2409 508 2502 quid
524 2411 714 2501 potuissem
731 2413 817 2482 citra
833 2426 967 2482 metum
984 2437 1066 2503 gra.
1117 2425 1218 2474 servo
1231 2407 1368 2476 domini
1382 2409 1587 2480 remissione
1604 2425 1639 2482 et
1653 2411 1825 2482 facilitate
1837 2436 1980 2505 peccare
1996 2437 2103 2506 quam

78 2509 434 2594 viorisoffeudicuii,
455 2512 654 2604 iampulam
670 2537 726 2582 me
744 2537 957 2604 pmgassem,
1117 2507 1301 2579 severitate
1337 2522 1371 2580 et
1397 2509 1521 2582 iudicii
1554 2513 1863 2604 praecipitatione3
1899 2537 2103 2610 quanquam

182 2612 243 2686 De
259 2609 391 2704 scripto
409 2615 504 2706 quod
520 2615 634 2686 fertur
655 2615 823 2686 foliorum
838 2618 889 2690 66
917 2639 1013 2702 usse,
1034 2613 1064 2686 si
1116 2606 1202 2700 quid
1220 2611 1352 2699 peccati
1375 2626 1528 2682 metuam
1551 2615 1590 2684 in
1612 2618 1861 2707 suspendendo
1878 2615 2032 2696 iudicio,
2057 2619 2103 2684 de

21 2751 25 2770 ι
76 2717 155 2812 quid
178 2715 271 2790 certi
299 2709 455 2799 hahetis,
489 2717 569 2786 date
602 2741 765 2810 operam,
797 2732 837 2788 ut
864 2718 1063 2810 exemplum
1115 2732 1186 2801 quo
1204 2711 1344 2780 nullum
1362 2709 1453 2782 mihi
1471 2715 1616 2808 quidem
1634 2719 1781 2788 veritum
1798 2732 1901 2794 exibi.
1953 2715 2102 2810 Episco-

79 2821 171 2890 aobis
190 2817 379 2907 contingat
397 2817 472 2889 eius
487 2818 628 2910 scripti,
653 2834 690 2890 et
709 2819 839 2892 mittite
861 2823 905 2890 ad
928 2845 1005 2907 me;
1033 2821 1064 2890 si
1116 2833 1199 2902 pos,
1221 2809 1450 2910 Presbyteros
1473 2831 1508 2888 et
1526 2815 1721 2904 0111101105,
1748 2821 1778 2888 Si
1803 2819 1889 2914 quid
1915 2820 1984 2889 1³¹0
2006 2818 2100 2890 desi·

82 2947 185 2992 mcum
209 2919 325 2992 fuerit
349 2913 444 2991 baud
468 2945 644 3014 quaquam
669 2925 817 3012 negabo.
868 2919 937 2993 Sed
966 2925 1063 3016 quod
1114 2919 1455 3001 guarent,muneris
1470 2914 1577 2992 buius
1591 2920 1772 2992 iunctione
1790 2921 2007 2992 deiicieudos
2018 2944 2100 2992 cum

92 3011 260 3094 delendam
286 3022 379 3092 istud
404 3023 560 3113 lacinus,
595 3025 758 3120 equidem
782 3025 922 3095 nullum
938 3026 1061 3116 scripsi
1114 3011 1158 3086 D.
1182 3009 1308 3086 LCOM
1336 3019 1414 3091 Sine
1436 3023 1603 3116 scrupulo
1631 3047 1829 3110 emerem,
1861 3037 1897 3095 ³1
1919 3019 2099 3095 Ecclesiae

86 3137 137 3196 ant
156 3124 366 3216 subscripsi.
418 3121 500 3196 Scio
518 3124 713 3196 Dominum
742 3127 780 3194 in
807 3149 902 3196 novo
928 3127 1061 3218 populo
1113 3111 1179 3184 Dei
1196 3122 1434 3209 praescribere
1448 3139 1518 3194 tam
1539 3150 1612 3195 non
1634 3127 1767 3212 ausim,
1792 3151 1898 3219 quam
1921 3127 2098 3196 illeseve·

79 3229 266 3300 restituisse
295 3226 577 3318 monogamiam,
609 3241 645 3298 et
676 3229 805 3296 debera
837 3252 912 3298 non
945 3229 1060 3300 solum
1112 3240 1173 3287 rus
1193 3219 1328 3314 alioqui
1353 3221 1517 3296 Pontifex
1541 3250 1646 3298 ausus
1668 3229 1846 3316 nonfuit,
1871 3242 2004 3324 quanto
2028 3227 2098 3298 mi·
2165 3303 2167 3310 ,

74 3327 269 3424 Episcopus
284 3342 319 3401 et
334 3327 531 3414 Diaconos,
557 3353 648 3424 quos
663 3327 795 3400 Paulus
810 3331 904 3400 solos
922 3354 1060 3422 repres-
1111 3341 1180 3389 11111
1198 3323 1407 3416 principem.
1458 3315 1729 3402 Valentinianus
1747 3330 1882 3424 primus
1904 3331 2020 3424 palam
2045 3330 2099 3398 al·
2122 3333 2125 3340 '

74 3433 132 3518 sit,
156 3459 242 3506 cum
260 3428 613 3504 Ecclesiaaludaeis
635 3445 670 3502 et
692 3433 856 3522 gentibus
877 3433 1060 3506 venientes
1116 3433 1226 3492 (911111
1252 3449 1396 3496 uxorem
1426 3429 1547 3516 duxit,
1578 3433 1761 3526 lflgflfflqsse
1793 3433 2006 3526 publiffllam
2033 3455 2098 3523 1¹0¹*

73 3537 277 3632 polygamos
298 3535 488 3625 reciperet,
520 3535 581 3606 sed
603 3534 800 3627 quamlibet
823 3536 928 3606 etism
952 3531 1060 3608 Chri.
1110 3523 1300 3616 imperium
1324 3529 1476 3600 liberum
1499 3535 1666 3605 omnibus
1694 3535 1779 3607 iecit
1805 3535 1900 3604 idem
1930 3533 2097 3620 faciendi,

73 3639 223 3708 stiauum
239 3636 1059 3721 uniustantnmuxorisvimmesse‚utiinitiu
1111 3639 1229 3698 11111111
1259 3623 1354 3700 nihil
1382 3633 1558 3706 assuetis
1591 3637 1753 3730 patribus
1780 3655 1896 3732 neque
1928 3635 2095 3706 familiari

72 3739 337 3811 memmium
361 3735 539 3810 Dominus
562 3738 734 3824 instituit,
769 3741 833 3810 uni
853 3743 928 3812 vis-0
947 3765 1058 3810 unam
1110 3721 1213 3826 itli*)
1233 3728 1424 3804 Ambrosio
1449 3751 1572 3808 contra
1596 3761 1677 3810 aum
1697 3729 2093 3832 scriptumantfactum

72 3844 268 3916 mulierem,
318 3838 479 3934 Cumque
496 3838 673 3910 Dominus
693 3842 813 3926 dedit,
839 3853 878 3911 ut
900 3866 975 3912 non
998 3868 1058 3914 50.
1108 3829 1274 3922 legimus,
1298 3848 1340 3906 ut
1354 3849 1472 3906 tamen
1492 3839 1584 3910 idem
1601 3835 1814 3912 Ambrosius
1835 3855 1957 3912 contra
1971 3836 2094 3912 Theo·

71 3943 141 4014 tum
166 3945 299 4016 mults,
320 3967 445 4014 uxores
468 3943 573 4012 simut
592 3937 739 4028 habere,
762 3946 822 4014 sed
846 3945 952 4016 eiiam
969 3971 1057 4016 con·
1108 3935 1249 4004 dosium
1265 3937 1459 4010 decrevisse
1480 3963 1520 4012 ac
1534 3941 1657 4014 fecisse
1675 3942 1822 4034 legitur,
1847 3969 1927 4014 cnm
1951 3945 2093 4012 caedem

72 4047 237 4117 urbinum
269 4069 350 4116 cum
382 4069 493 4116 uxore
519 4045 656 4134 legibus
683 4045 823 4136 piorum
854 4047 1055 4138 principum
1107 4035 1173 4105 ille
1193 4031 1466 4112 Thessalonicae
1487 4043 1695 4120 admisissel.
1744 4043 1940 4120 Revocavil
1965 4039 2093 4114 Domi·

71 4163 263 4235 vetaretur,
288 4148 373 4218 novi
391 4137 553 4218 nostrin]
570 4171 643 4216 esse
664 4171 778 4242 neque
794 4161 954 4230 seierum
982 4150 1056 4219 dis.
1107 4160 1195 4244 nus,
1223 4139 1354 4224 fateor,
1378 4143 1553 4215 rationem
1572 4147 1728 4238 coniugii
1743 4149 1785 4218 ad
1801 4147 2015 4240 primaevam
2035 4145 2092 4214 in-
2186 4203 2191 4214 ,

71 4251 312 4342 pausationem
336 4264 505 4342 repetere.
528 4259 530 4264 '
556 4246 646 4320 Nam
674 4273 748 4318 non
769 4251 884 4320 solum
909 4275 1054 4320 revoca.
1105 4239 1346 4330 stitutionem,
1383 4267 1463 4316 cum
1486 4263 1602 4336 ageret
1622 4252 1665 4319 de
1685 4249 1860 4334 divorti03
1886 4245 1991 4319 initio
2017 4269 2093 4318 non

71 4355 252 4424 suminud
276 4351 444 4424 eximium
458 4347 637 4422 Ecclesiae
655 4367 902 4424 ornamentum
925 4377 1053 4422 mono.
1105 4357 1179 4414 erat
1193 4341 1254 4428 ita,
1280 4345 1409 4439 inquit.
1459 4346 1538 4420 Hoc
1554 4350 1705 4422 libenter
1719 4350 1801 4420 volo
1816 4349 1934 4420 valere
1951 4363 1987 4420 et
2003 4373 2090 4420 con·
2205 4401 2207 4408 >

69 4457 219 4542 panim
235 4477 463 4539 conservare,
478 4477 602 4524 verum
620 4453 727 4524 etiam
745 4477 866 4546 parere
885 4479 949 4526 nos
966 4479 1053 4526 con·
1105 4455 1158 4512 ira
1173 4445 1421 4538 polygamiam.
1472 4449 1523 4522 At
1544 4477 1624 4521 cum
1650 4475 1722 4522 non
1738 4449 1880 4522 abiiciat
1896 4465 2033 4537 tamen,
2060 4451 2090 4520 si

70 4557 165 4632 venis
187 4555 288 4628 omni
316 4551 491 4626 humanae
518 4553 785 4641 constitutioni,
823 4581 913 4652 quae
943 4557 1051 4650 impia
1103 4569 1172 4638 qua
1188 4570 1250 4636 per
1265 4547 1505 4622 infirmitatem
1521 4553 1674 4623 divortio
1692 4554 1841 4624 liberius
1853 4578 1965 4645 aequo
1983 4569 2088 4623 utan-

70 4659 219 4758 ponpis,
273 4655 342 4730 Ista
363 4661 472 4728 doceo
498 4657 638 4748 publice
660 4673 694 4730 es
716 4659 896 4750 privatim,
949 4656 999 4730 Αι
1021 4659 1052 4730 si
1103 4659 1178 4732 tur,
1193 4647 1230 4718 id
1245 4649 1352 4720 etiam
1370 4654 1499 4721 sanctis
1514 4655 1673 4744 patribus
1688 4656 1974 4748 agnoscentibus3
2000 4655 2088 4749 quid

69 4763 144 4852 quis
160 4761 229 4832 sibi
246 4773 374 4854 putans
388 4784 509 4830 causas
522 4783 612 4842 esse,
639 4773 700 4830 sus
715 4776 748 4830 es
762 4761 831 4830 sitsi
849 4757 955 4832 hodie
975 4761 1049 4831 dis.
1104 4771 1261 4818 censeam
1280 4752 1325 4820 de
1339 4753 1538 4824 concubina
1556 4758 1603 4826 ita
1620 4757 1785 4830 adiuncta
1801 4771 1841 4828 ut
1854 4781 1972 4827 casum
1988 4779 2089 4847 prae-

69 4864 308 4952 pensationem
335 4863 512 4933 veteribus
540 4885 739 4932 concessam
760 4863 876 4933 valere
907 4877 1050 4945 statuat,
1102 4851 1209 4920 misi?
1240 4875 1306 4922 nec
1330 4855 1507 4948 quaelibet
1536 4859 1691 4950 aprima
1717 4885 1835 4930 rcmm
1863 4857 2090 4930 institutione

68 4985 173 5060 eaque
196 4979 337 5050 utatur,
361 4963 390 5032 si
414 4964 445 5033 is
467 4965 575 5033 modo
591 4959 770 5034 Ecclesiae
791 4978 911 5035 caveat
931 4967 976 5034 de
994 4967 1050 5036 oi·
1099 4953 1215 5024 8111111
1231 4969 1405 5025 1110111111
1419 4957 1503 5029 facit
1518 4983 1537 5030 a
1554 4983 1663 5052 tegno
1678 4959 1757 5037 Det.

66 5063 263 5152 iendiculo,
289 5067 384 5160 quod
403 5065 440 5136 in
461 5065 537 5158 ipso
551 5087 625 5135 esse
642 5077 762 5160 quent,
789 5092 853 5138 nec
877 5068 912 5136 id
933 5091 995 5157 per
1011 5091 1048 5137 se

65 5167 166 5242 licere
180 5169 420 5264 omnibusque
435 5191 637 5238 concessum
655 5191 728 5238 esse
743 5171 950 5254 contendat,
965 5193 1045 5238 enm
1200 5157 1269 5228 1⁸1³
1287 5171 1322 5228 11
1337 5157 1487 5243 Similis,
1513 5187 1594 5234 tum
1609 5179 1708 5236 ortus
1724 5179 1946 5240 esssisonlrs
1959 5163 2084 5244 ,Land-

65 5295 122 5362 τεο
148 5273 179 5344 si
205 5274 357 5342 affirmet
381 5269 450 5339 sibi
473 5271 528 5340 sui
551 5271 691 5340 consilii
714 5285 748 5340 et
770 5271 853 5341 lacti
872 5273 1045 5341 rationem
1097 5258 1256 5346 gravium
1280 5285 1421 5350 rumor,
1450 5287 1531 5334 cum
1552 5290 1626 5336 uno
1647 5281 1682 5338 et
1703 5267 1813 5338 altero
1837 5268 2084 5360 iratredispu·

64 5396 175 5446 coram
189 5363 1046 5468 Deoconstare,nunquamartsiot‘condemnare
1111 5417 1288 5433 -----..
1405 5379 1411 5391 ·

64 5473 268 5570 impietatis,
303 5488 363 5546 aut
388 5488 562 5546 extorrem
587 5495 696 5566 reguo
717 5469 851 5546 Cbristi
877 5474 1045 5552 iudicare,
1130 5499 1163 5568 s)
1177 5499 1700 5580 famatum-„pp„humanm”
1720 5507 2064 5584 quotmsstomnputs.
2084 5577 2099 5604 Ι
