4686 6172
201 297 274 372 951
690 241 1101 385 annueramus
1136 287 1759 367 nnuvusconmonus.
2182 283 2262 362 sse
2317 187 2320 324 l

306 469 451 542 Habent
473 469 631 562 exempla
648 469 775 540 iudicii
791 467 909 539 divini
922 489 1048 540 omnes
1063 479 1203 554 aetates,
1254 489 1311 538 cas
1339 461 1629 552 adhortabimur,
1663 479 1704 536 ut
1731 465 1794 560 qui
1818 457 1938 536 adhuc
1960 459 2141 534 sanabiles
2162 475 2261 544 sunt,

205 600 297 672 quae
328 575 541 655 ostendunt,
575 567 669 642 hanc
699 570 1013 645 comminationem
1044 570 1204 640 divinam
1255 570 1285 639 si
1308 569 1386 638 fieri
1408 582 1542 660 potest,
1568 564 1740 640 nonnihil
1761 569 1969 653 flectantur,
1994 567 2058 660 qui
2082 567 2262 638 veroiam

151 663 159 678 ’
206 695 320 751 ratam
332 700 424 748 esse:
452 674 527 766 Qui
543 675 703 766 gladium
717 675 902 767 acceperit,
922 675 1043 766 gladio
1061 663 1205 764 peribit,
1257 665 1489 774 ἀναλγησίαν
1511 686 1547 742 ει
1567 688 1749 765 stuporem
1770 684 2042 760 contruxerunt,
2067 684 2111 742 ut
2132 671 2179 740 ad
2200 693 2262 740 sa-

207 797 244 855 ει
256 781 406 852 similes:
434 777 654 850 scortatores
670 791 705 849 et
721 779 903 850 adulteros
916 779 1043 871 puniet
1056 775 1165 849 Deus.
1257 799 1341 846 nam
1363 789 1517 845 mentem
1541 776 1703 846 revocari
1724 780 1799 846 non
1821 774 1975 866 amplius
1996 773 2156 866 possint,
2189 773 2263 843 sal-

311 898 403 972 Cum
423 899 534 988 igitur
556 923 631 970 uon
652 897 803 970 dubium
823 899 886 982 sit,
916 897 1049 968 atrocia
1075 895 1206 968 scelera
1258 893 1329 950 ¹⁰¹⁰
1353 879 1397 947 de
1410 877 1554 970 P⁰0¹¹l⁸2
1582 903 1673 972 quae
1688 891 1805 950 terite
1819 889 1853 948 ⁰2
1869 876 2263 996 quldffllifflissfimss

210 1003 373 1078 comitari
395 1025 528 1094 poenas
551 1003 590 1072 in
612 997 680 1072 hac
696 1001 768 1072 vita
785 1001 906 1070 divino
921 1001 1067 1086 ordine,
1092 1013 1207 1070 metus
1260 983 1361 1102 illm·
1373 998 1539 1100 manent,
1564 986 1837 1053 θᾶωῠῐὶθθῐιῐῡῑ·
1889 977 1981 1099 Nam
2001 993 2151 1100 ⁸¹fl¹l¹¹¹
2168 977 2265 1099 Τῐξ·

210 1129 407 1203 poenamm
427 1105 532 1177 etiam
555 1099 829 1176 voscoherceat.
879 1102 954 1174 Nos
970 1106 1137 1175 mandato
1151 1103 1209 1172 di·
1260 1083 1563 1204 8⁰⁰d¹³ss¹¹0⁸l³⁸
1585 1109 1660 1156 ”⁰¹¹
1684 1087 1847 1178 immi
1870 1095 1913 1205 ¹¹}
1934 1098 2002 1168 ²¹2,
2028 1083 2066 1152 ’ἃ
2091 1093 2145 1152 2⁸¹
2168 1095 2265 1152 ”1¹-

211 1213 297 1280 vino
312 1206 377 1280 has
392 1208 748 1280 commonefactiones
765 1209 1020 1298 proponimus,
1045 1221 1085 1278 ut
1100 1205 1209 1276 officii
1260 1187 1405 1258 tl¹¹³¹¹d¹
1427 1187 1592 1273 Silentia,
1623 1183 1716 1259 ἀλλὰ
1737 1190 1816 1269 Τοῖς
1837 1207 2076 1284 πραγμᾰσιν,
2104 1179 2176 1256 Ῑὶῡῑ
2200 1201 2265 1271 ⁸⁸¹,

212 1313 326 1384 nostri
349 1311 441 1384 ratio
456 1312 623 1403 postulat.
663 1307 723 1380 'Et
738 1333 800 1380 vos
816 1310 1065 1400 experiemini,
1090 1305 1209 1380 Deum
1261 1292 1368 1361 f0b¹¹⁸
1389 1289 1476 1382 59⁵ss
1496 1303 1635 1411 ΜΨ,
1667 1290 1778 1383 lfflPl⁰
1799 1291 1873 1380 ¹08³
1894 1289 2099 1409 inlel'ffimb
2125 1289 2265 1408 fiful·

213 1441 288 1488 esse
305 1415 487 1486 custodem
504 1437 587 1484 suae
604 1413 711 1506 legis,
736 1427 771 1484 et
785 1413 923 1506 politici
937 1413 1087 1484 ordinis.
1261 1417 1344 1462 ssim
1371 1395 1558 1485 Pffidlsslss
1587 1407 1635 1463 ¹¹³
1658 1417 1725 1463 ¹¹⁰⁸
1747 1417 1828 1463 ⁰¹1¹¹¹
1851 1393 1967 1482 ledum
1991 1405 2026 1463 0²
2048 1391 2264 1484 d¹⁵⁶¹P¹¹¹¹⁸⁸

316 1533 421 1606 Nunc
446 1534 552 1604 etiam
571 1557 694 1604 rursus
711 1535 945 1605 admonemus
960 1558 1040 1620 vos,
1063 1545 1104 1602 ut
1120 1531 1211 1600 scia·
1261 1496 1404 1565 Vincula
1418 1496 1567 1568 di⁸⁸⁰lli
1581 1495 1755 1616 vidfmm’
1781 1495 1984 1616 qui‘lfflu‘i
1998 1495 2264 1616 divlpmlm'

1262 1621 1407 1683 stamus,
1438 1624 1545 1692 quam
1567 1612 1786 1685 vastitatem,
1820 1621 1983 1684 curnam,
2015 1611 2051 1670 et
2074 1611 2262 1670 intentum

1262 1699 1496 1793 Reipublicae
1517 1701 1748 1795 impendere?
1797 1699 1890 1772 Nam
1906 1695 1967 1772 hic
1983 1701 2174 1794 proximus
2187 1724 2261 1792 gra-

1263 1806 1331 1874 dus
1353 1817 1405 1876 est
1427 1806 1471 1873 ad
1487 1805 1652 1891 exitium,
1678 1828 1760 1875 cum
1776 1799 1942 1874 homiues
1956 1804 2213 1876 verecundiam
2227 1819 2257 1876 et

1263 1908 1497 1978 reverentiam
1512 1931 1594 2000 erga
1608 1909 1701 2000 leges
1718 1907 1935 1993 abiecerunt,
1960 1907 2194 2001 disciplinam
2203 1930 2250 1976 re-

1263 2023 1397 2104 spuunt
1412 2034 1452 2080 ac
1466 2025 1718 2092 contemnunt,
1745 2023 1780 2080 et
1796 2035 1867 2104 quo
1882 2023 1986 2081 vocat
2000 2011 2202 2103 cupiditas,
2222 2033 2255 2078 eo

318 2061 397 2136 Oro
413 2077 530 2135 autem
546 2065 660 2134 lilium
676 2061 745 2135 Dei
759 2061 956 2135 Dominum
973 2077 1136 2133 nostrum
1155 2057 1211 2132 le·
1372 2113 1381 2129 .
1411 2113 1419 2130 .
1657 2115 1666 2132 .
1750 2113 1759 2130 .
1865 2110 1875 2130 .
1921 2111 1930 2132 .

215 2191 295 2240 sum
314 2164 499 2240 Christum
521 2169 727 2238 crucifixum
751 2191 816 2260 pro
839 2167 945 2236 nobis
968 2180 1003 2236 et
1025 2167 1212 2236 resuscita·
1265 2127 1474 2284 illaempm
1489 2129 1612 2202 ‘uum’
1638 2139 1687 2184 ⁸¹⁰
1701 2137 1798 2234 inim
1813 2127 1848 2184 εἴ
1862 2137 1932 2206 ¹9⁸¹
1947 2135 2033 2200 ’Μ’
2057 2113 2260 2234 niumm

1265 2248 1283 2284 a
1301 2237 1372 2296 ios,
1398 2231 1433 2287 et
1454 2239 1556 2310 saepe
1574 2231 1666 2289 totas
1681 2229 1859 2300 c1v1tates,
1884 2239 1926 2288 ac
1942 2216 2169 2309 respublicas
2184 2239 2263 2308 poe·

216 2287 312 2357 tum’
346 2272 529 2342 cumdem
558 2265 737 2340 medam
766 2291 868 2350 ’Μ’
900 2281 943 2338 m
971 2265 1064 2338 hanc
1087 2263 1212 2338 Eccle'
1266 2317 1322 2387 nis
1349 2317 1551 2394 involvunt.
1617 2319 1710 2390 Nota
1737 2333 1789 2388 est
1808 2319 1983 2389 sententia
2008 2313 2207 2410 Sophoclis
2227 2320 2263 2388 in

216 2373 323 2454 sium,
357 2383 391 2442 et
412 2371 736 2492 studia-dpctrinae
759 2383 793 2442 et
814 2393 881 2441 uos
903 2393 1028 2440 omues
1052 2381 1213 2463 protegat
1267 2417 1805 2518 Aiace,·a0n⁰v-(5‚15l39lapm
1858 2415 1958 2516 δρᾶν
1975 2417 2014 2493 3,
2040 2417 2064 2493 ἃ
2087 2413 2263 2518 βούλεται
2333 2426 2334 2448 i

217 2489 254 2548 ‘i
269 2477 454 2566 gubernet·
504 2470 601 2548 Dm·
1265 2517 1368 2614 παρὰ
1394 2518 1537 2620 ταύτην
1565 2518 1693 2619 νόμιζε
1718 2521 1788 2618 τὴν
1811 2474 1923 2597 ’πόλιν
1946 2515 2079 2620 χρόνῳ
2111 2519 2197 2596 ποτὲ
2223 2523 2264 2606 ἐξ

1266 2621 1408 2721 οὐρέων
1435 2623 1680 2723 δραμοῦσαν,
1706 2629 1757 2708 etc
1785 2623 1918 2721 βυθὸν
1938 2627 2077 2702 πεσεῖν.
2130 2621 2171 2698 ld
2193 2639 2257 2696 est:
2334 2631 2335 2644 ³

1267 2731 1330 2800 ubi
1345 2755 1430 2801 vero
1447 2732 1600 2802 iniuriae
1614 2731 1830 2823 praevalent,
1857 2744 1892 2802 et
1907 2730 2058 2826 quisque
2071 2730 2177 2826 quod
2191 2730 2266 2800 vult

244 2808 387 2886 N⁰·25·
991 2817 1058 2898 (⁸¹1·
1076 2813 1213 2894 ¹55¹·?)
1267 2833 1369 2917 facit,
1403 2857 1480 2904 eam
1510 2836 1636 2904 urbem
1667 2835 1811 2906 tandem
1844 2833 2002 2904 existima
2032 2857 2076 2902 ex
2105 2833 2265 2911 secundo

225 2908 398 2940 Μ
960 3003 963 3012 ,
1267 2959 1373 3006 cursu
1388 2935 1594 3028 precipitem
1610 2936 1785 3006 ruituram
1803 2959 1887 3008 esse.
1939 2929 2166 3032 Pythagoras
2182 2961 2268 3032 qua·

286 3029 318 3086 ¹¹¹
335 3027 452 3102 ΟΜ·
467 3029 500 3084 '¹’
513 3027 607 3084 Ebero
620 3027 745 3108 edistsp.
760 3027 844 3084 ¹³⁰⁶·
1267 3052 1351 3110 tuor
1372 3040 1500 3127 gradus
1520 3040 1605 3110 fecit
1625 3039 1830 3124 civitatum,
1856 3061 1947 3132 quae
1969 3052 2054 3110 suut
2075 3039 2268 3132 periturae.

143 3167 148 3174 ⁶
219 3197 346 3268 Oratio
369 3196 539 3268 maaria
558 3187 676 3262 Aood.
707 3187 837 3263 theb.
867 3199 957 3264 oute
979 3197 1216 3264 statutorum
1267 3135 2268 3336 fgssffimeznptt'ffazfflzzmfffflve’oxitssss

515 3297 718 3367 lecum
736 3303 915 3368 'emim'
1268 3347 1398 3418 vestitu
1421 3347 1616 3440 etreliqua
1639 3348 1733 3416 vitae
1756 3347 1867 3420 cultu.
1919 3345 2060 3418 Deinde
2075 3293 2270 3445 eriperes-⁹

219 3435 369 3525 Scimus
389 3475 521 3526 nomen
536 3451 655 3540 legum
672 3462 705 3520 et
722 3449 949 3543 disciplinae,
975 3444 1044 3519 hoc
1059 3471 1141 3516 vere
1155 3471 1230 3516 ca*
1267 3451 1467 3535 turbatam,
1491 3449 1693 3536 fastidium,
1720 3450 1964 3536 securitatem,
1988 3449 2270 3544 impudentiam,

217 3555 381 3626 lamitoso
395 3554 534 3624 saeculo
545 3555 623 3623 aliis
634 3552 803 3639 invisum,
823 3551 903 3622 aliis
914 3577 996 3622 vero
1007 3550 1215 3636 ridiculum,
1267 3567 1509 3644 contemptum
1549 3553 1666 3642 legum
1703 3566 1738 3624 et
1771 3553 2002 3644 disciplinae,
2047 3553 2129 3628 'ista
2169 3555 2266 3624 enirn

218 3671 252 3728 et
267 3657 532 3748 contemptibile
546 3655 672 3730 videri.
697 3651 745 3726 Et
758 3655 892 3728 accedit
907 3649 976 3724 hoc
989 3651 1139 3726 velutad
1152 3677 1215 3723 cu·
1267 3656 1388 3726 omnia
1402 3656 1650 3748 complectitur
1663 3649 1750 3725 lsaec
1764 3678 1833 3724 vox
1849 3647 1970 3752 κόρος.
1999 3653 2089 3728 Mox
2105 3657 2265 3753 sequitur

217 3761 356 3830 mulum
376 3783 593 3852 poenarum,
620 3771 726 3853 atque
744 3757 983 3829 calamitatum
1000 3769 1214 3835 nostrarum,
1266 3758 1385 3852 inquit
1411 3754 1541 3854 ὕβρις,
1588 3759 1722 3844 idest,
1761 3757 1915 3828 iniuriae
1944 3771 1979 3830 ct
2006 3760 2270 3842 contumeliae,

218 3863 313 3956 quod
325 3861 682 3955 quaedebebantesse
691 3859 847 3930 remedia
856 3859 1046 3940 malorum,
1066 3873 1136 3929 tam
1148 3881 1214 3949 pu·
1267 3861 1515 3932 contentiones
1539 3861 1633 3931 iuter
1655 3863 1767 3945 cives,
1800 3862 1848 3932 ob
1872 3883 2026 3934 resnou
2048 3865 2272 3936 necessarias

216 3965 393 4036 blicorum
404 3987 510 4058 quam
522 3964 756 4056 privatorum,
781 3987 821 4033 ea
833 3985 939 4056 quam
951 3961 1215 4032 maximefasti-
1266 3977 1463 4056 susceptae,
1496 3965 1653 4034 studium
1682 3963 1868 4056 premendi
1897 3964 1986 4035 alios
2008 3987 2075 4058 per
2095 3967 2273 4039 ambitio·

218 4067 370 4140 diamus.
419 4065 548 4159 Fitque
570 4079 716 4158 propter
737 4065 1020 4156 magnitudinem
1042 4063 1146 4146 mali,
1174 4077 1215 4136 ut
1266 4089 1369 4156 nem,
1415 4067 1565 4148 fastum,
1612 4067 1842 4158 superbiam,
1868 4080 1928 4138 aut
1962 4069 2273 4156 malevolentiam,

217 4169 380 4240 salutaris
405 4169 581 4240 medicina
601 4168 708 4238 uobis
729 4168 830 4261 quasi
847 4167 886 4236 in
902 4189 1080 4237 venenum
1097 4180 1213 4236 verta-
1266 4169 1366 4254 odia,
1412 4169 1627 4250 simultates,
1674 4183 1792 4239 motus
1824 4169 2008 4256 intestini,
2056 4172 2273 4244 seditiones.

216 4286 287 4346 tur.
338 4267 430 4342 Cum
449 4295 597 4362 corpora
613 4271 778 4341 morbum
795 4295 871 4341 non
886 4269 1064 4353 sentiunt,
1088 4269 1213 4338 laetale
1243 4339 1246 4346 ,
1265 4268 1340 4342 llas
1357 4285 1470 4362 pestes
1486 4272 1645 4363 proxime
1661 4272 1851 4346 comitatur
1865 4267 2039 4368 ὄλεθρος,
2066 4289 2107 4346 ιιι
2124 4273 2191 4346 ille
2205 4275 2273 4347 ait:

219 4388 290 4454 est,
322 4373 440 4468 inquit
459 4372 713 4466 Hippocrates,
738 4386 775 4444 at
794 4387 928 4468 quanto
952 4371 1063 4461 magis
1086 4371 1212 4442 laetale
1265 4373 1302 4443 id
1326 4387 1396 4459 est,
1429 4387 1628 4466 sequuntur
1648 4373 1864 4444 mutationes
1884 4373 2140 4466 imperiorum,
2175 4403 2273 4472 quae

217 4489 284 4562 est,
317 4501 397 4548 cum
424 4499 489 4546 uec
512 4477 690 4562 sentiunt,
719 4499 786 4546 uec
806 4475 918 4546 ullam
938 4474 1211 4546 medicationem
1265 4499 1381 4546 secum
1420 4472 1570 4549 trahunt
1600 4475 1765 4560 exitium,
1810 4475 1954 4546 trainam
1986 4490 2021 4548 et
2049 4479 2273 4552 vastitatem.

215 4581 273 4650 vel
294 4579 506 4664 admittunt,
539 4579 597 4650 vel
618 4579 770 4650 tolerare
789 4577 951 4674 queunt?
999 4573 1211 4648 Communis
1264 4575 1332 4650 Hic
1355 4579 1452 4648 enim
1476 4581 1566 4649 ordo
1589 4603 1708 4649 rerum
1733 4577 1822 4650 solet
1843 4603 1937 4662 esse,
1961 4592 1996 4650 et
2013 4574 2053 4649 hi
2070 4585 2210 4672 gradus
2226 4585 2272 4654 ad

213 4677 299 4752 haec
325 4697 359 4754 et
379 4683 508 4753 usitata
532 4682 675 4774 querela
696 4695 769 4766 est,
802 4705 877 4752 non
901 4693 1039 4752 tantum
1066 4692 1211 4750 nostro·
1263 4681 1468 4768 interitum,
1509 4705 1599 4778 quos
1627 4675 1791 4750 homines
1813 4682 1989 4774 sapientes
2012 4683 2272 4762 observarunt.

213 4809 313 4868 rum,
347 4785 410 4878 qui
439 4795 627 4876 praesunt,
659 4786 719 4854 sed
750 4784 912 4855 omnium
940 4785 1209 4874 propemodum,
1262 4781 1383 4872 Quare
1400 4799 1441 4856 et
1465 4807 1548 4866 nos,
1576 4807 1655 4854 cum
1680 4805 1811 4874 poenas
1832 4785 1962 4876 purtim
1986 4799 2068 4858 aute
2092 4787 2195 4860 iores
2214 4790 2271 4860 vi-

215 4885 345 4980 quibus
376 4887 512 4980 aliquid
546 4884 675 4957 mentis
706 4909 780 4956 esse
810 4887 972 4971 videtur,
1003 4885 1137 4980 quique
1165 4887 1209 4955 de
1261 4887 1423 4972 deamus,
1458 4888 1587 4980 partim
1619 4887 1725 4956 etiam
1755 4887 1950 4958 sentiamus
1971 4887 2059 4979 ipsi,
2090 4889 2273 4984 imperio-

212 4990 386 5080 praesenti
410 5013 528 5060 rerum
553 5001 646 5066 statu
669 4989 863 5083 aliquando
880 4989 1059 5080 cogitant,
1094 5001 1129 5058 et
1153 4999 1208 5057 ta·
1261 5011 1342 5058 rum
1375 5001 1408 5058 et
1436 4989 1785 5080 rerumpublicarum
1818 4990 2107 5082 quassationem,
2155 4996 2272 5080 bella,

211 5115 293 5160 men
307 5115 346 5160 ea
362 5091 436 5181 ipsa
451 5115 577 5182 parum
594 5091 715 5185 aequis
731 5092 878 5161 auribus
893 5091 1084 5183 accipiunt.
1132 5087 1207 5160 Nos
1259 5091 1471 5176 seditiones,
1507 5115 1671 5161 annonae
1699 5091 1942 5178 difficultates,
1973 5094 2128 5186 tamem,
2167 5125 2271 5172 mor.

209 5207 327 5264 tamen
358 5193 419 5288 qul
451 5217 584 5284 poenas
614 5193 701 5264 alias
727 5193 798 5264 iam
823 5207 906 5264 ante
926 5193 1049 5264 oculos
1071 5193 1204 5278 adesse,
1258 5194 1323 5266 bos
1344 5195 1452 5284 volgo
1478 5207 1694 5286 grassantes,
1722 5194 1908 5264 intestinos
1933 5209 2074 5284 motus,
2105 5205 2268 5296 rapinas.

208 5295 295 5366 alias
313 5289 410 5365 haud
426 5296 545 5366 dubiis
560 5295 873 5386 siguisimminere
888 5296 1063 5381 videmus,
1087 5295 1204 5365 officio
1258 5297 1523 5383 crudelitatem,
1571 5311 1606 5368 et
1637 5297 1706 5366 alia
1735 5297 1874 5368 infinita
1905 5300 2000 5372 mala
2030 5298 2131 5397 (quis
2165 5306 2267 5376 euim

204 5411 327 5470 nostro
349 5400 574 5486 fungemur..
602 5395 652 5469 Ει
674 5423 771 5470 nuuc
793 5399 899 5470 ctiam
916 5399 1139 5470 iuventutem
1157 5399 1200 5467 ad
1257 5401 1378 5470 omnia
1400 5425 1440 5470 ea
1461 5395 1684 5492 enumerati)
1707 5399 1745 5468 iu
1767 5399 1882 5494 capita
1905 5417 2047 5484 nostra,
2075 5427 2142 5477 ceu
2165 5409 2269 5480 diln-

205 5499 450 5594 disciplinam,
477 5513 510 5572 et
531 5500 773 5572 obedientiam
796 5523 878 5594 erga
901 5499 995 5593 leges
1016 5495 1204 5572 scholasti·
1257 5501 1357 5572 vium
1371 5502 1560 5591 inundare,
1583 5516 1617 5574 et
1631 5502 1794 5593 graviora
1806 5503 1914 5574 etiam
1924 5505 2155 5598 impendere:
2178 5509 2268 5584 Non

215 1641 260 1712 tis
283 1637 518 1708 necessarium
535 1637 690 1706 officium
707 1659 800 1722 esse,
826 1649 867 1706 nt
882 1639 998 1708 vocati
1015 1638 1059 1706 ad
1077 1634 1210 1705 iudicia

214 1739 379 1816 Rectoris
408 1739 572 1826 veniant,
611 1763 720 1834 quare
748 1753 973 1810 contumaces
1001 1739 1114 1810 sciant
1144 1761 1211 1806 nos

215 1867 343 1915 usuros
373 1865 447 1913 esse
474 1841 567 1912 iusta
590 1842 793 1928 severitate,
825 1856 860 1913 et
881 1843 1035 1936 publicis
1060 1840 1212 1912 decretis

88 2038 91 2049 ι
217 1935 276 2018 eos
295 1941 380 2018 hinc
397 1945 570 2016 electuros
587 1967 673 2030 esse.
