4652 6178
250 227 336 306 791'
822 221 1255 321 QUAESTIONES
1289 223 1697 306 ACADEMIOAE
1977 300 1983 308 .
2174 243 2230 324 lit

254 405 412 476 afferunt
428 404 582 476 veritati.
635 402 750 496 Saepe
774 403 929 474 enimin
952 403 1026 474 vita
1048 401 1250 494 persuasio-
1402 401 1505 474 Talis
1530 417 1650 476 coetus
1675 427 1758 476 vere
1782 417 1836 476 cst
1851 399 1980 476 chorus
1991 399 2175 500 Angelum,
2195 444 2236 490 aa.

254 533 319 580 nes
333 531 453 578 errore
469 519 679 598 conceptae,
708 507 912 598 impediunt
936 517 1164 598 conspectum
1186 529 1250 574 ve·
1300 529 1391 578 nens
1418 503 1516 578 hune
1541 504 1734 603 hymnum:
1762 505 1890 580 Gloria
1912 510 1951 578 in
1974 511 2196 605 excelsislleo,
2213 535 2238 594 u

254 611 383 684 citatis.
435 608 505 694 Ut,
537 611 623 705 quia
650 610 757 680 multi
781 610 1007 696 existimant,
1032 633 1153 678 veram
1178 603 1249 677 Ec·
1301 612 1340 682 in
1359 624 1453 681 terra
1469 635 1537 704 pax
1554 607 1777 685 hominibus.

255 715 398 785 alesiam
432 737 505 784 esse
534 712 718 804 politiam,
754 713 907 782 similem
935 713 1117 804 imperiis,
1158 731 1249 804 quae
1405 711 1528 808 ltaque
1559 714 1636 806 pias
1668 717 1824 808 synodos
1848 727 1883 786 et
1905 713 1964 804 pia
1989 713 2239 794 iudiciaveuero

256 841 404 910 corpora
422 818 644 907 gubernant,
669 815 836 886 tribuunt
853 815 995 886 iudiciis
1012 813 1163 904 Regiam
1184 837 1250 904 po-
1301 839 1405 904 mur,
1443 831 1478 886 et
1500 817 1646 910 quidem
1668 818 1860 908 diligenter
1883 813 2132 890 consideremus
2150 849 2239 896 causas

257 935 437 1002 testatem,
454 920 511 990 cui
526 941 669 989 necesse
688 933 739 989 est
756 920 921 1002 obedire,
935 941 1010 988 non
1027 919 1144 987 solum
1166 939 1252 1007 pro·
1302 933 1338 990 et
1353 920 1468 988 sontes
1482 921 1753 992 sententiarum.
1923 987 1931 1005 ,

259 1038 336 1115 pter
351 1024 526 1094 rationem
545 1021 788 1116 probabilem,
811 1025 872 1092 sed
891 1022 997 1093 etiam
1016 1031 1164 1112 propter
1186 1043 1252 1090 au·
1405 1021 1474 1094 Sed
1495 1022 1738 1092 discernamus
1754 1022 1931 1118 Synodos.
1981 1019 2068 1093 Cum
2089 1023 2242 1116 impiicoc-

258 1127 462 1216 toritatem,
484 1139 592 1219 quam
609 1121 707 1194 Deus
726 1125 781 1192 illi
798 1123 939 1213 fastigio
959 1123 1136 1194 attribuit
1305 1139 1382 1209 tus,
1418 1126 1481 1219 qui
1503 1139 1625 1196 tenent
1647 1125 1866 1195 ordinariam
1891 1137 2111 1220 potestatem,
2140 1131 2241 1200 decreta

360 1226 453 1300 Cum
470 1228 686 1299 dissiderent
701 1228 795 1298 inter
812 1251 847 1295 se
872 1229 946 1296 duo
971 1227 1116 1305 fratres,
1142 1221 1253 1320 Regis
1302 1229 1459 1313 faciunt,
1484 1228 1740 1298 contumeliosa
1758 1229 1926 1298 adversus
1941 1225 2072 1318 Deum,
2094 1231 2242 1322 qualiare·

258 1331 364 1403 Darii
388 1332 472 1413 lilii,
497 1329 740 1401 Artabazanes
762 1343 796 1398 et
811 1328 964 1413 Xerxes,
989 1351 1065 1396 non
1091 1329 1136 1396 de
1162 1329 1252 1398 dua·
1305 1355 1387 1401 cens
1408 1333 1571 1402 lecerunt
1590 1331 1728 1426 Synodi
1743 1329 1959 1401 Tridentino
1984 1344 2019 1402 et
2039 1327 2242 1412 Bononiensis,

258 1438 327 1504 lius
339 1433 503 1526 capellis,
526 1436 587 1502 sed
604 1435 648 1501 de
665 1433 816 1524 imperio
834 1431 944 1502 totius
959 1431 1058 1500 orbis
1074 1444 1252 1500 terrarum
1304 1434 1483 1503 adversari
1504 1457 1644 1503 necesse
1662 1446 1726 1506 est.

260 1537 529 1622 florentissimo,
564 1538 609 1606 de
630 1559 740 1626 regno
765 1533 925 1619 Persico,
958 1547 1144 1628 postquam
1172 1555 1254 1602 sen·
1407 1531 1485 1606 Etsi
1519 1537 1629 1626 igitur
1659 1537 1856 1627 optandum
1874 1549 1949 1622 est,
1983 1549 2024 1606 ut
2044 1536 2098 1628 pia
2120 1536 2245 1631 Synodos

261 1641 371 1712 tentia
397 1641 555 1710 iudicum
578 1639 689 1708 frater
719 1651 808 1708 natu
840 1640 961 1707 minor
986 1637 1164 1730 praelatus
1192 1649 1254 1719 est,
1305 1652 1398 1708 recte
1420 1639 1592 1708 diiudicet
1616 1640 1892 1709 controversias:
1915 1651 2036 1709 tamen
2050 1641 2245 1732 qualecunque

262 1745 435 1826 alterum,
457 1743 523 1813 etsi
547 1741 770 1833 probabilem
797 1765 937 1810 eausam
963 1735 1155 1823 habuerat,
1190 1761 1254 1807 cur
1306 1741 1479 1812 iudicium
1498 1742 1722 1824 instituetur,
1748 1765 1825 1811 non
1845 1757 1896 1814 est
1912 1742 2108 1812 abiicienda
2130 1743 2244 1812 veritatis

262 1848 512 1917 anteferendus
538 1857 646 1926 esset,
679 1857 801 1942 tamen
829 1845 899 1914 inm
927 1846 1173 1936 obtemperare
1197 1841 1254 1910 iu·
1306 1845 1502 1929 consessio,
1528 1867 1594 1914 nec
1620 1845 1806 1936 promittat
1825 1845 2036 1938 quisquam,
2062 1867 2097 1914 se
2110 1857 2245 1936 optempe-

263 1949 380 2022 dicato
395 1950 529 2020 iustum
553 1963 638 2022 erat.
1306 1961 1466 2018 raturum
1486 1971 1560 2016 esse
1579 1947 1753 2030 iudicato,
1778 1949 1848 2016 nisi
1872 1962 1975 2017 antea
1992 1949 2160 2018 decretum
2177 1946 2244 2014 audi·

373 2067 444 2142 Sed
463 2069 617 2138 multum
634 2067 819 2137 dissimilis
837 2078 890 2135 est
904 2059 1061 2134 Ecclesia
1079 2063 1251 2156 imperiis.
1307 2050 1409 2124 verit·
1450 2048 1521 2126 Nec
1540 2052 1658 2140 imago
1675 2050 1891 2119 iudiciorum
1911 2049 2072 2120 civilium
2088 2063 2121 2119 et
2135 2043 2244 2138 propha-

264 2171 394 2243 Valent
414 2171 610 2243 sententiae
636 2171 796 2240 iudicum
822 2193 898 2236 ῃοῃ
919 2165 1032 2256 Regia
1059 2181 1121 2238 aut
1144 2165 1254 2235 Prae.
1305 2177 1436 2222 norum
1451 2155 1495 2222 ad
1512 2147 1597 2222 llaec
1615 2155 1808 2223 certamina
1831 2155 1875 2220 de
1891 2153 2007 2243 gloria
2024 2149 2090 2221 Dei
2105 2151 2240 2222 translan-

223 2261 224 2264 Ἴ
263 2275 355 2348 toria
371 2275 573 2354 autoritate,
589 2275 649 2341 sed
668 2274 750 2366 quia
771 2295 853 2339 vere
872 2283 1074 2358 congruunt
1092 2293 1170 2339 cnm
1188 2271 1254 2338 do·
1306 2269 1376 2326 lut·
1430 2254 1500 2327 Sed
1518 2256 1589 2324 allo
1608 2269 1767 2348 tempore
1791 2251 1857 2328 hac
1873 2257 1917 2326 de
1934 2279 1975 2325 re
1992 2253 2239 2350 copiosiusdistt·

265 2379 379 2450 ctrina
402 2402 422 2447 a
445 2376 522 2447 Deo
548 2375 689 2446 tradita.
749 2373 789 2446 si
819 2397 894 2442 non
928 2398 1009 2442 vere
1041 2385 1255 2462 congruunt,
1306 2380 1436 2436 remus·
1487 2355 1583 2433 Dixi.

266 2479 405 2553 etiamsi
429 2479 635 2572 inspeciem
653 2477 893 2547 blandiuntur
907 2475 1040 2546 rationi
1064 2471 1254 2556 humanae,

266 2583 494 2656 anteferenda
511 2595 562 2652 est
578 2581 717 2672 regula:
751 2577 790 2649 Si
809 2579 889 2672 quis
904 2577 1001 2648 aliud
1017 2575 1253 2668 Evangelium

266 2692 388 2772 docet,
420 2680 608 2756 anathema
640 2683 698 2755 sit.
750 2679 818 2768 Ut,
855 2705 1061 2775 quanquam
1085 2679 1254 2774 Synodus

267 2789 501 2888 syrmiensis,
537 2788 575 2856 in
599 2811 668 2881 qua
694 2807 822 2874 magna
845 2785 1046 2878 frequentia
1073 2785 1143 2856 luit
1166 2783 1255 2877 Epi·
1312 2761 1486 2888 Μ
1755 2811 1759 2820 ·
2047 2759 2247 2893 lfflil

267 2917 454 2986 troporum
466 2888 572 2962 Asiae
585 2907 619 2963 et
630 2885 816 2979 Europae,
842 2889 1022 2958 decretum
1039 2885 1141 2974 lecit,
1158 2891 1254 2984 qnod

267 2997 355 3068 utile
369 2995 413 3066 ad
428 2994 649 3067 sarciendam
671 2991 898 3062 concordiam
917 2991 1123 3076 videbatur,
1149 3007 1188 3064 ut
1216 2994 1255 3061 in
1377 2989 1589 3075 loQosenloa.
1607 3011 1635 3064 r·
1653 2991 1709 3046 9⁴¹²
1730 3011 1789 3064 sq„
1813 2991 1842 3046 in
1863 2991 1968 3050 Consu.
1989 2991 2059 3051 Mel.
2078 2991 2107 3048 Ρ.
2126 2986 2156 3043 1¹·
2172 3003 2194 3068 r:
2210 2980 2251 3042 ¹²⁶0

268 3099 442 3196 Symbolo
462 3097 597 3168 Niceno
622 3097 802 3186 legerunt,
835 3089 989 3185 ὅμοιον,
1019 3117 1093 3162 non
1117 3087 1255 3190 ὃμοού-
1411 3080 1445 3188 ¹T⁰
1459 3062 1514 3186 ,³12¹
1524 3063 1655 3186 ppetuu.
1672 3063 1763 3120 m·
1778 3061 1889 3119 md·
1902 3061 1954 3119 ω·
1967 3063 1990 3116 F
1991 3067 2032 3120 '¹'
2050 3071 2077 3116 ‘⁸
2092 3058 2158 3132 ῬΜ
2167 3052 2252 3110 m

270 3224 371 3289 ocor,
397 3216 517 3272 tamen
539 3193 625 3270 huic
649 3211 750 3269 tanto
777 3197 967 3270 consensui
990 3199 1173 3270 adversari
1193 3223 1256 3270 ne-

270 3329 363 3377 cesse
377 3305 458 3378 luit.
1309 3297 1514 3388 Responsio
1542 3291 1596 3366 od
1620 3295 1672 3366 M.
1696 3295 1892 3389 durinci
1917 3283 2254 3391 Spargenterpt

388 3421 459 3496 Sed
484 3417 661 3492 obiiciunt
684 3417 755 3510 viri
778 3417 932 3511 politici:
967 3417 1065 3510 Quid
1091 3442 1181 3511 opus
1207 3431 1258 3487 est
1311 3402 1569 3493 lussssiil'mm
1594 3398 1641 3469 ἆθ
1667 3395 1769 3470 dim
1796 3405 1839 3496 ill
1863 3401 2024 3503 Geumi
2050 3384 2256 3520 {wllfll‘fifi

272 3525 432 3612 iudiciis,
455 3525 484 3595 si
500 3523 619 3618 postea
642 3523 885 3594 contradicere
909 3523 1009 3606 licet,
1035 3548 1101 3593 nec
1127 3523 1260 3592 finiunt
1311 3512 1376 3574 ΨΥ
1401 3511 1595 3594 ⁸⁶⁰P¹T⁸lm
1622 3523 1647 3571 α
1663 3499 1765 3572 Iuda
1790 3500 1910 3573 ‘1⁰7¹ssss
1930 3508 2077 3572 vellem
2094 3493 2200 3582 Sll⁰ds
2217 3507 2257 3560 *θ’

270 3629 546 3714 controversias,
572 3652 637 3697 nec
651 3628 786 3698 tollunt
803 3625 1020 3696 discordias?
1371 3609 1495 3678 citata
1519 3603 1556 3676 d.
1587 3601 1645 3678 ll.
1674 3601 1776 3675 Febr.
1802 3627 1902 3676 anno
1931 3601 2050 3678 1550.
2075 3599 2227 3675 subduco.

386 3745 444 3820 Ad
469 3744 563 3817 hinc
585 3747 822 3817 ⁰b32⁶¹l⁰¹¹²m
845 3747 1060 3836 ΝθὸΡΟὓάθθῑ
1114 3743 1261 3816 indiciis
1313 3744 1416 3830 Olim
1428 3753 1709 3824 nominabantur
1724 3753 1763 3822 in
1773 3749 1932 3824 Ecclesia
1948 3747 2112 3848 ὁμιλίαι,
2126 3774 2194 3823 cum
2208 3743 2261 3837 plt-

272 3867 392 3924 tamen
414 3875 504 3944 opus
529 3871 623 3935 esse,
655 3850 738 3942 quia
770 3873 853 3918 vera
875 3845 1033 3918 Ecclesia
1058 3862 1150 3918 recte
1178 3873 1261 3917 sen·
1314 3883 1370 3930 res
1392 3871 1571 3939 amanter,
1603 3872 1674 3926 una
1698 3857 1742 3924 de
1763 3881 1821 3936 re,
1854 3880 1918 3926 suo
1942 3859 2100 3952 quisque
2122 3857 2190 3926 1000
2208 3867 2262 3918 sen-

271 3957 402 4040 tientes
427 3953 614 4025 confirmat
645 3975 710 4020 suo
735 3951 963 4036 testimonio,
1002 3964 1036 4020 et
1057 3951 1263 4020 monstratis
1314 3961 1460 4033 rentiam
1480 3961 1630 4032 dicebat,
1679 3955 1753 4028 Nee
1775 3959 1931 4049 prolecto
1948 3961 2096 4032 dulcius
2111 3957 2262 4054 quidquam

273 4059 469 4130 sententiae
492 4053 608 4126 causis
629 4054 769 4148 aliquos
794 4068 951 4125 errantes
974 4053 1013 4121 in
1040 4053 1132 4123 viam
1157 4079 1262 4123 revo·
1315 4087 1388 4136 esse
1413 4075 1544 4154 potest,
1570 4062 1702 4132 talibus
1724 4061 1932 4156 colloquiis,
1958 4063 2001 4132 in
2024 4063 2153 4158 quibus
2172 4051 2264 4125 veritas

274 4175 348 4242 cat,
375 4161 464 4231 sicut
490 4182 593 4248 saepe
614 4151 683 4226 hoc
708 4169 868 4248 tempore
892 4155 1025 4226 nostris
1049 4155 1264 4226 iudiciisre-
1314 4167 1511 4237 multorum
1534 4165 1743 4252 collatione,
1776 4165 1854 4234 sine
1883 4166 2080 4256 acerbitate
2106 4161 2264 4234 animum

272 4264 388 4335 vocati
407 4276 491 4334 sunt
508 4259 622 4355 aliqui
637 4259 684 4330 ab
703 4259 885 4330 erroribus
902 4255 1231 4350 Anabaptistarum.
1317 4270 1514 4365 quaeritur.
1576 4263 1635 4338 Ab
1661 4291 1702 4336 eo
1728 4292 1829 4338 more
1851 4263 2055 4355 Ecclesiae,
2089 4253 2266 4338 consuetudo

381 4381 465 4456 Non
498 4380 608 4470 igitur
641 4377 784 4450 inutilia
805 4375 902 4448 'sunt
934 4377 1084 4455 iudicia.
1127 4379 1264 4449 etiamsi
1317 4388 1353 4444 et
1370 4373 1408 4442 in
1425 4367 1572 4443 Scholas
1586 4369 1756 4439 translata
1776 4384 1846 4450 est,
1874 4385 1914 4442 ut
1935 4372 2061 4464 plures
2078 4365 2267 4440 eademtere

275 4485 381 4558 multi
397 4508 472 4558 non
492 4485 759 4574 obtemperant,
786 4505 876 4574 quos
899 4481 1043 4551 tandem
1069 4494 1267 4573 compescet
1318 4465 1498 4570 dicant*).
1550 4470 1592 4542 ln
1612 4467 1771 4544 Ecclesia
1793 4487 1942 4565 propter
1966 4475 2061 4546 duas
2081 4491 2193 4544 causas
2210 4457 2268 4532 hut

273 4589 370 4662 Deus
392 4586 497 4658 sicuti
528 4584 745 4678 compescuit
766 4581 934 4670 ludaeos,
966 4584 1182 4674 refragantes
1208 4585 1267 4654 iu·
1312 4578 1541 4650 consuetudo
1565 4575 1653 4660 luit,
1684 4589 1726 4645 ut
1750 4573 1870 4668 plures
1893 4578 1938 4646 de
1963 4603 2040 4648 una
2068 4601 2107 4648 re
2138 4571 2267 4674 dicerent:

275 4693 369 4764 dicio
382 4687 651 4782 Apostolorum.
911 4735 914 4744 =
1317 4680 1424 4752 Prior
1445 4703 1548 4750 eausa
1572 4702 1647 4748 non
1669 4692 1722 4750 est
1750 4679 1912 4754 obseura.
1973 4677 2073 4768 Quia
2096 4701 2171 4748 curo
2196 4663 2269 4738 mulu

376 4805 648 4900 Controversiae
671 4805 780 4894 igitur
801 4804 839 4874 in
857 4800 1015 4876 Ecclesia
1038 4825 1186 4894 niagnae
1205 4803 1265 4874 vix
1317 4807 1427 4854 unam
1449 4806 1523 4851 ΜΠ
1549 4781 2073 4873 l⁰q¹¹3ffl012⁵3⁰²³⁰²rbil³le
2095 4779 2267 4850 assimffilm’

275 4938 434 5010 unquam
447 4911 652 4994 tolluntur,
668 4905 738 4980 nisi
756 4907 970 4980 mirabiliter
984 4903 1080 4978 Deus
1095 4906 1265 5000 reprimat
1317 4899 1352 4957 ‘l
1365 4886 1443 4954 ⁵3⁰0
1456 4879 1677 5002 S⁰th⁸li⁰³2
1699 4884 1839 5002 facili&
1856 4883 2047 5002 iuvenitur
2062 4882 2196 4954 veritas.
2223 4867 2268 4940 ᾹῙ·

275 5015 394 5089 hostes
413 5011 584 5086 veritatis.
1316 5003 1390 5060 tera
1414 5011 1517 5057 causa
1537 4988 1624 5070 furt,
1654 4998 1696 5056 ut
1717 4999 1920 5056 testrmomn
1943 4989 2143 5084 multorum
2163 4981 2201 5050 de
2214 4991 2268 5064 grt-

1316 5091 1471 5162 vissimis
1484 5089 1591 5160 rebus
1607 5101 1691 5158 nota
1714 5101 1841 5162 essent.
1892 5087 2003 5159 Nune
2019 5085 2198 5176 vestigium
2218 5093 2269 5186 τοῖς

1315 5209 1377 5266 net
1400 5193 1530 5294 vetusti
1556 5192 1678 5263 moris.
1738 5189 1862 5285 ltaque
1883 5205 1925 5262 ut
1947 5205 2042 5264 extet
2068 5209 2182 5260 meum
2201 5186 2270 5252 test*

377 5133 450 5206 Nec
474 5133 666 5228 quicquam
689 5125 874 5221 pulchrius
895 5145 946 5201 cst
970 5130 1009 5200 in
1033 5143 1108 5200 toto
1133 5151 1263 5219 genere

276 5237 455 5318 humano,
481 5261 587 5331 quam
605 5236 663 5327 pia
677 5232 866 5328 Synodus,
892 5259 982 5326 quae
998 5233 1135 5324 placide
1150 5246 1185 5303 et
1201 5258 1262 5302 ve-

275 5369 317 5414 ro
339 5339 457 5415 studio
482 5339 558 5409 sine
584 5337 839 5432 cupiditatibus
863 5335 1015 5429 inquirit
1039 5349 1072 5406 et
1095 5337 1260 5428 patefacit
1322 5369 1528 5385 -——-—--·-

274 5445 477 5530 veritatem,
503 5455 535 5512 et
554 5467 619 5512 suo
635 5439 840 5512 testimonio
863 5437 1011 5528 gloriam
1029 5438 1099 5508 Dei
1116 5453 1234 5509 ornat.
1346 5460 1380 5531 a)
1398 5459 1475 5516 oum
1492 5458 1716 5514 nominatarum
1733 5468 1786 5515 ese.
1807 5457 1969 5514 ruma„
1989 5475 2050 5512 oon
2068 5453 2154 5510 tetis.
