4686 6172
235 267 312 346 896
700 271 703 278 '
819 263 1259 360 ‚QUAESTlONES
1294 263 1696 354 scabuntcalt
2178 285 2234 366 ιιι

242 429 753 523 doruerticamjnstitutionem¹
764 441 937 534 singulari
948 442 1076 535 pietate
1085 456 1119 516 et
1129 443 1241 516 debeo
1293 445 1395 516 ribos
1416 457 1452 516 ει
1474 444 1625 516 dicimus
1643 443 1721 516 Deo
1744 441 1908 525 iurante,
1938 453 1972 512 el
1999 441 2116 518 dictori
2135 473 2234 528 samua
2287 475 2288 486 ¹

243 546 427 634 venerari,
452 559 486 616 et
504 568 643 637 semper
660 547 869 618 venerabor.
922 543 1018 620 Dixi.
1294 543 1373 619 Oro
1397 561 1515 618 autem
1539 548 1653 618 lilium
1676 543 1745 616 Dei
1770 548 1948 616 sedentem
1964 546 2005 616 ad
2020 547 2172 622 dexteram
2184 553 2235 627 Pa·

640 725 648 742 ,
884 727 893 744 ‚
1293 651 1377 736 tris,
1403 674 1444 721 ac
1459 651 1553 720 dona
1568 650 1777 740 largientem
1799 645 1994 732 Ecclesiae,
2024 661 2061 722 ut
2078 655 2174 726 studia
2186 678 2232 748 gu.

486 724 666 809 &mm
688 725 732 793 “d
754 724 998 810 ou⁰⁰³l¹⁰”⁰m·
1293 754 1439 839 hernet,
1465 767 1498 824 et
1516 775 1582 822 nos
1597 765 1770 846 protegat.
1822 749 1919 824 Dixi.

343 849 535 923 Carissime
548 843 594 920 F
588 847 768 938 rancisce,
794 849 888 922 Volo
903 867 938 924 et
947 874 1012 942 ego
1025 875 1139 922 meam
1155 876 1242 924 con-

242 955 431 1030 lessionem
454 966 571 1024 extare
593 967 717 1024 cont'ra
734 956 1036 1046 praestigiatorem
1055 954 1240 1026 Viennen-

243 1083 316 1134 sem
333 1071 368 1130 et
382 1056 536 1140 similes,
561 1057 624 1148 qui
642 1057 769 1129 volunt
787 1081 949 1128 normam
971 1058 1096 1127 ludicii
1116 1059 1152 1128 in
1169 1056 1241 1128 Ec·
1304 1089 1371 1162 No·
1396 1087 1457 1163 77ι
2097 1119 2138 1159 m
2159 1098 2222 1165 Μ

242 1161 347 1234 clesia
371 1181 462 1244 esse,
493 1181 568 1228 non
591 1159 720 1250 scripta
746 1155 957 1250 Proplretica
980 1174 1014 1229 ει
1035 1157 1240 1252 Apostolica
1300 1185 1472 1214 *ων
1798 1179 1804 1200 ·
2078 1147 2238 1230 sed.

240 1279 275 1336 et
298 1261 490 1358 Symbola,
526 1263 584 1330 sed
614 1259 825 1332 Pontificum
852 1277 886 1334 et
907 1261 1136 1356 Synodorom
1159 1288 1241 1332 sen·
1362 1291 1393 1344 1„
1414 1291 1543 1347 oraton.
1562 1289 1595 1344 Τ,
1611 1293 1644 1348 ν,
1661 1309 1685 1360 ρ.
1703 1292 1753 1346 aas
1767 1311 1843 1363 sqq,
1860 1291 1889 1346 tn
1904 1289 1985 1348 orat.
1998 1301 2118 1363 poserem.
2129 1293 2209 1362 atat.
2221 1301 2239 1348 a

242 1366 391 1449 tentiae,
418 1376 452 1434 et
473 1357 539 1432 has
563 1363 690 1436 volunt
711 1365 828 1435 valere
848 1365 1036 1436 autoritate
1051 1363 1163 1454 Regia
1179 1390 1240 1438 sen
1395 1365 1466 1434 ῬΜ
1487 1361 1614 1454 ttretnd.
1633 1359 1665 1416 Τ·
1683 1361 1731 1414 ¹¹¹·
1752 1365 1851 1432 1³0⁸st

240 1468 436 1541 Praetoria.
488 1464 565 1536 Hac
588 1467 673 1535 falsa
693 1467 921 1557 persuasione
937 1466 1019 1538 elati
1034 1465 1238 1554 Pontifices,

242 1569 476 1642 audacissime
498 1569 536 1636 in
561 1565 719 1638 Ecclesia
741 1570 962 1640 collocarunt
994 1583 1027 1638 ct
1054 1573 1240 1642 stabiliunt

240 1675 354 1746 multa
372 1671 483 1742 ldola.
537 1671 620 1740 ldeo
638 1672 750 1742 taxari
768 1695 843 1742 eam
860 1695 1000 1744 necesse
1015 1685 1076 1744 est.

345 1772 509 1844 Adfirmo
528 1797 584 1856 me
599 1774 752 1844 retinere
768 1769 860 1844 hanc
878 1799 997 1844 veram
1016 1769 1241 1860 sententiam,
1290 1757 1497 1846 VultDeus
1511 1785 1674 1842 aetemos
1685 1770 1791 1842 Pater
1804 1769 1955 1844 Domini
1964 1774 2076 1846 nostri
2086 1771 2154 1846 lesu
2165 1769 2241 1846 Chri·

240 1879 414 1953 Normam
430 1877 554 1946 iudicii
567 1877 611 1946 de
627 1877 788 1946 doctrina
804 1877 842 1946 in
853 1875 1011 1950 Ecclesia
1020 1901 1095 1948 esse
1110 1880 1240 1970 scripta
1291 1873 1357 1960 sti,
1387 1876 1678 1963 creatorgeneris
1695 1870 1844 1944 humani
1867 1901 1948 1948 cum
1965 1878 2040 1948 lilio
2054 1899 2113 1946 suo
2128 1889 2240 1946 coaeter·

241 1977 454 2074 Prophctica
480 1976 737 2070 etllpostolica
760 1994 792 2052 et
815 1978 1005 2073 Symbola,
1038 2005 1127 2074 quae
1155 1981 1240 2074 qui·
1291 2001 1358 2062 no,
1392 1973 1549 2048 Domino
1580 1994 1703 2049 nostro
1728 1975 1808 2048 lesu
1829 1973 1995 2060 Christo,
2031 1978 2175 2050 crucifixo
2196 2001 2239 2070 pn

242 2087 324 2154 dem
341 2084 416 2175 ipsa
431 2096 568 2152 tantum
586 2094 670 2154 sunt
684 2082 802 2152 brevis
817 2083 978 2154 collectio
996 2085 1242 2170 articulorum,
1291 2081 1417 2164 nobis,
1452 2094 1486 2152 et
1507 2081 1734 2166 resuscitato,
1767 2095 1802 2151 et
1820 2105 1900 2152 cum
1918 2080 2059 2174 Spiritu
2076 2093 2237 2160 suotanctt,

242 2187 305 2280 qui
334 2180 583 2276 comprehensi
611 2197 697 2256 sunt
722 2184 763 2254 in
792 2185 933 2277 scriptis
958 2180 1182 2279 Propheticis
1206 2199 1242 2256 et
1292 2183 1429 2252 erudiri
1451 2183 1603 2274 primam
1626 2196 1796 2270 aetatem,
1827 2197 1863 2254 ει
1879 2185 1956 2256 vult
1973 2209 2046 2256 sea
2063 2183 2232 2256 nobisloro·

243 2287 474 2380 Apostolicis.
886 2296 892 2312 '
1293 2285 1384 2368 cari,
1416 2284 1508 2356 sicut
1530 2285 1701 2378 scriptum
1725 2299 1793 2356 cst:
1829 2284 1945 2358 Sinite
1971 2287 2232 2382 parvulosadnt

349 2388 457 2477 Quod
469 2411 553 2456 vero
568 2383 746 2460 Pontificii
760 2389 953 2474 obiiciunt,
978 2389 1107 2482 scripta
1125 2389 1241 2460 incer·
1292 2387 1428 2472 venire;
1462 2388 1652 2458 taliumest
1671 2389 2136 2478 enimregnumcoelorum·
2178 2383 2237 2454 lull

242 2511 277 2566 ta
307 2513 397 2564 esse:
445 2491 573 2562 salsum
607 2503 677 2574 est,
723 2505 758 2562 et
790 2492 1086 2563 contumeliosum
1119 2508 1241 2564 contra
1291 2490 1401 2579 igitur
1434 2514 1500 2558 nos
1533 2491 1712 2562 assuefieri
1744 2491 1783 2560 in
1813 2488 1976 2564 Ecclesia
2001 2495 2047 2564 ad
2072 2487 2239 2562 recitandam

242 2595 372 2668 Deum.
425 2592 515 2664 Volt
531 2592 626 2664 llcus
643 2606 677 2663 et
697 2594 815 2666 audiri
831 2608 866 2665 et
888 2595 1040 2685 intelligi
1061 2619 1161 2666 suam
1178 2622 1241 2666 vo·
1292 2615 1392 2663 suam
1419 2593 1639 2680 doctrinam,
1673 2608 1773 2665 utet
1800 2617 1866 2664 nos
1899 2609 1934 2666 ει
1962 2593 2240 2666 aliiadolesceutet

244 2721 331 2771 cem.
375 2694 476 2786 Quae
491 2709 544 2768 est
557 2695 653 2764 enim
669 2696 826 2780 insania,
853 2697 987 2784 dicere,
1009 2699 1242 2788 Decalogum,
1293 2697 1567 2767 commonebant
1593 2699 1637 2766 de
1668 2696 1853 2768 voluntate
1885 2694 1975 2786 Dei,
2014 2711 2055 2769 ut
2085 2695 2241 2786 cogitemus,

241 2799 516 2896 promissionem
533 2797 662 2888 gratiae
678 2813 713 2872 et
730 2815 893 2871 aeternae
906 2801 1047 2888 salutis,
1073 2803 1242 2872 articulos
1293 2799 1497 2868 discendam
1522 2823 1595 2870 esse
1620 2801 1838 2881 doctrinam,
1874 2800 1967 2873 sicut
1982 2804 2241 2894 praeceptores:

242 2902 516 2998 Symbolorum,
543 2923 617 2970 esse
630 2899 784 2976 incertos
798 2925 921 2988 sonos,
947 2917 981 2976 et
996 2904 1129 2974 similes
1145 2905 1242 2976 loliis
1292 2898 1361 2972 Hic
1380 2917 1430 2972 est
1448 2901 1542 2973 lilius
1559 2925 1658 2972 meus
1672 2903 1841 2988 dilectus,
1868 2897 1966 2974 hunc
1982 2903 2113 2976 audite.

235 3005 416 3101 Sibyllae.
1395 3001 1495 3074 Sicut
1510 3019 1626 3074 autem
1643 3005 1812 3076 usitatum
1831 3021 1897 3090 est,
1924 3031 2089 3102 propono
2111 2997 2243 3098 quaestio·

348 3106 458 3195 Quod
492 3129 578 3176 vero
603 3099 772 3178 haeretici
798 3107 892 3180 dicta
943 3111 1090 3182 uaedam
1120 3111 1240 3216 detor·
1291 3129 1391 3176 nem:
1427 3099 1487 3175 Aa
1515 3115 1603 3176 recte
1624 3100 1760 3177 dictum
1783 3105 1852 3193 sit,
1883 3106 1923 3176 ia
1946 3095 2242 3203 definitlaaedegis

244 3224 356 3307 qoent
369 3213 415 3282 ad
439 3233 501 3280 sua
528 3209 778 3294 deliramenta,
804 3212 839 3280 id
859 3213 897 3286 fit
921 3238 1080 3306 ipsorum
1098 3215 1241 3300 scelere,
1280 3205 1469 3300 moralis,
1490 3201 1578 3279 Eex
1592 3207 1752 3280 moralis
1766 3219 1817 3280 est
1834 3219 1986 3282 aeterna
2002 3219 2035 3282 et
2053 3209 2188 3280 immola
2202 3224 2244 3271 sa·

244 3314 419 3410 quianon
435 3311 1241 3408 conferuntdictaPropheticaetllpostoliea.
1290 3311 1449 3403 pientia,
1471 3321 1503 3382 et
1521 3335 1653 3381 norma
1671 3311 1840 3384 iasticr'ae
1856 3311 1895 3381 in
1912 3309 2019 3401 Deo,
2042 3311 2139 3384 culus
2152 3297 2246 3379 radies

243 3417 386 3492 Scimus
403 3439 492 3508 opus
506 3437 579 3484 esse
596 3415 759 3486 doctrina
774 3431 810 3487 et
826 3420 1015 3490 collatione
1029 3419 1189 3489 locorum
1207 3433 1241 3492 et
1291 3411 1470 3484 immensa
1487 3411 1665 3500 bonitate,
1698 3416 1738 3486 in
1755 3413 1961 3488 rationales
1978 3425 2160 3488 creaturas
2172 3405 2246 3480 Dtttt

244 3517 482 3604 iudiciorum,
516 3518 607 3588 sicut
637 3533 730 3590 recte
761 3519 852 3592 dixit
876 3517 1118 3613 Epiphanius:
1156 3520 1239 3592 Non
1291 3515 1332 3586 la
1345 3517 1543 3604 creatione,
1569 3515 1779 3617 transfudit
1787 3571 1802 3608 ,
1828 3514 2041 3590 discernens
2056 3527 2146 3590 recta
2159 3521 2184 3584 tl
2195 3529 2245 3579 aot

244 3621 530 3694 transformanda
546 3634 630 3692 suut
645 3621 766 3690 omnia
782 3623 923 3694 dictain
933 3622 1152 3712 Allegorias,
1177 3625 1239 3694 scd
1292 3627 1407 3702 recta,
1438 3629 1469 3690 at
1493 3616 1685 3691 ostendens
1702 3617 1803 3720 quod
1820 3621 1871 3691 sil
1886 3617 2015 3710 Deus,
2040 3630 2072 3694 cl
2114 3607 2247 3690 aodttlt'l

246 3725 433 3797 retinenda
453 3737 503 3792 est
521 3724 641 3794 nativa
663 3726 852 3794 verborum
868 3727 1078 3816 significatio
1096 3727 1135 3796 in
1151 3727 1239 3816 lege,
1291 3731 1404 3811 recta,
1433 3731 1464 3792 et
1480 3721 1705 3822 praecipiat,
1728 3732 1766 3794 ut
1782 3723 1899 3794 simas
1915 3725 1994 3824 ipsi
2006 3645 2208 3824 confirmet,
2226 3717 2247 3779 tl

244 3825 483 3920 promissione
516 3826 667 3914 gratiae,
699 3839 734 3896 et
769 3828 928 3898 articulis
961 3829 1053 3902 fidei.
1126 3827 1239 3900 Addit
1289 3820 1390 3922 quod
1402 3823 1485 3895 velit
1504 3821 1685 3898 destruere
1698 3837 1909 3923 pugnantes
1925 3853 2008 3898 cum
2032 3827 2105 3900 itta
2120 3841 2233 3894 noram·

245 3944 362 4001 autem
378 3923 621 4020 Epiphanius,
653 3951 743 4020 opus
758 3953 831 4002 esse
848 3953 952 4002 sensu
975 3944 1009 4001 ει
1026 3932 1238 4023 speculatio·
1390 3927 1753 4013 Hancdefinitionem
1770 3933 1865 4000 bono
1880 3933 2035 4004 consilio
2050 3947 2082 4004 et
2100 3917 2248 4024 piostodit

245 4057 303 4104 ne.
355 4030 470 4102 Sensu
486 4053 577 4122 opus
598 4032 711 4101 estad
729 4031 960 4123 intelligenda
976 4035 1116 4124 singula
1133 4060 1238 4105 voca·
1289 4031 1472 4112 traditam,
1505 4033 1640 4105 arrodit
1662 4033 1808 4128 quidam
1830 4034 2035 4107 virulentus
2050 4023 2249 4129 Sycophanta

245 4135 349 4226 bula:
383 4131 632 4225 Speculatione
654 4157 743 4226 opos
767 4147 836 4220 est,
861 4137 905 4206 ad
923 4137 1083 4210 locorum
1099 4151 1134 4207 et
1150 4139 1238 4228 dog·
1289 4127 1357 4204 ltoc
1372 4147 1595 4224 argomento:

245 4251 382 4307 matum
415 4235 642 4304 collationem
676 4251 709 4308 et
743 4237 906 4309 ordinem
939 4239 1237 4311 constituendum.
1338 4235 1511 4307 Homines
1527 4261 1602 4306 non
1617 4251 1701 4308 sunt
1715 4237 1861 4312 aeterni.

245 4338 334 4410 ldeo
358 4337 396 4406 in
411 4333 569 4416 Ecclesia
590 4337 668 4408 vult
683 4337 777 4414 Deus
795 4363 868 4410 esse
884 4364 1004 4412 vocem
1020 4342 1238 4428 docentium,
1338 4338 1412 4410 Lex
1428 4353 1479 4410 est
1496 4340 1577 4410 data
1594 4335 1812 4410 hominibus.

212 4503 218 4512 .
247 4463 338 4535 quae
360 4462 433 4508 non
458 4440 577 4530 gignat
609 4464 702 4510 nova
728 4441 911 4533 dogmata,
943 4445 1003 4513 sed
1037 4468 1236 4516 sermonem
1339 4437 1435 4530 Ergo
1453 4442 1522 4512 Lex
1541 4465 1616 4512 non
1631 4455 1683 4512 est
1698 4457 1851 4514 aeterna.

247 4535 501 4634 Propheticurn
534 4555 569 4612 ει
598 4537 843 4633 Apostolicum
874 4547 994 4616 dextre
1022 4549 1166 4630 reddat,
1202 4563 1238 4620 et
1389 4542 1494 4614 Nunc
1516 4569 1667 4637 quaero,
1692 4543 1752 4614 An
1768 4559 1889 4636 proter
1905 4541 2000 4617 hanc
2018 4545 2152 4617 futilem
2169 4530 2249 4608 easil-

245 4647 488 4716 membrorum
512 4645 674 4714 ordinem
698 4645 736 4714 in
758 4648 918 4718 docendo
941 4651 1123 4736 ostendat,
1148 4675 1237 4745 quae
1287 4646 1457 4717 lationem
1483 4647 1572 4716 falsa
1596 4647 1643 4718 sit
1667 4649 1881 4739 propositio,
1918 4648 2052 4740 Legem
2076 4669 2146 4716 esse
2163 4651 2248 4710 aeter·

247 4749 294 4818 ab
311 4747 501 4816 ineruditis
521 4747 599 4816 lieri
614 4769 686 4816 noo
700 4755 860 4839 possunt.
1287 4772 1370 4818 nam
1387 4749 1596 4839 sapientiam
1620 4750 1659 4818 in
1674 4747 1768 4834 Deo,
1794 4765 1828 4821 et
1848 4751 1898 4820 sic
1914 4763 2161 4842 argumentor,
2182 4749 2249 4810 recte

343 4846 455 4919 absit
476 4851 521 4918 ab
545 4845 703 4920 Ecclesia
728 4853 897 4939 audacia,
923 4877 1030 4947 quam
1047 4851 1115 4922 sibi
1131 4851 1236 4922 multi
1288 4851 1339 4920 sic
1354 4851 1437 4923 dici.
1486 4847 1658 4943 Expresse
1673 4852 1842 4944 scriptum
1859 4867 1926 4923 est:
1952 4851 2032 4943 Ego
2048 4851 2142 4924 Dens
2156 4857 2248 4916 etnoss

245 4948 434 5021 Pontifices
465 4965 500 5022 et
534 4949 713 5022 Haeretici
747 4971 992 5046 sumpserunt,
1032 4969 1067 5026 ει
1092 4969 1238 5026 sumunt
1289 4969 1421 5026 mutor.
1462 4951 1578 5024 ¹ltem:
1604 4952 1797 5025 NonDeus
1810 4957 1934 5025 volens
1947 4955 2163 5047 impietatem
2177 4961 2249 5016 lut*

246 5053 415 5124 omnibus
441 5054 679 5146 temporibus,
712 5057 898 5148 sculpendi
929 5057 1046 5142 ldola,
1080 5059 1236 5148 fingendi
1290 5055 1394 5126 ltem:
1421 5054 1505 5126 Non
1525 5057 1608 5126 veni
1631 5057 1767 5127 solvere
1789 5058 1919 5146 legem,
1945 5057 2178 5149 redimplere.
2216 5036 2249 5112 El

246 5155 435 5246 opiniones
459 5177 521 5228 seu
543 5157 745 5247 peregrinas
768 5183 830 5230 seu
859 5161 1054 5232 contrarias
1077 5161 1156 5230 voci
1181 5161 1237 5230 di·
1289 5183 1492 5252 quanquam
1515 5159 1663 5229 remittit
1682 5156 1779 5230 Deus
1800 5175 1956 5253 peccata,
1980 5175 2102 5230 tamen
2116 5143 2248 5256 nonnull

244 5258 360 5329 vinae.
1080 5302 1088 5321 κ
1290 5286 1349 5347 ea,
1380 5263 1440 5330 sed
1458 5261 1538 5331 volt
1551 5285 1590 5330 ea
1613 5285 1703 5355 quae
1719 5277 1921 5352 congruunt
1941 5288 2024 5332 curn
2049 5263 2124 5351 lege
2142 5245 2248 5326 morell.

347 5357 416 5432 Sed
442 5360 487 5428 de
509 5354 574 5432 hac
596 5363 802 5455 quaestione
831 5359 899 5434 hoc
920 5377 1078 5458 ternpore
1103 5365 1238 5455 integre
1289 5377 1325 5435 et
1346 5364 1500 5434 restituit
1521 5357 1702 5450 homines,
1729 5379 1770 5435 ut
1791 5366 1878 5435 fiant
1901 5366 2103 5435 conformes
2124 5347 2248 5430 cumillt

246 5462 318 5534 diei
341 5485 414 5532 non
435 5475 567 5554 potest,
603 5467 647 5538 de
664 5491 733 5558 qua
752 5481 868 5538 tamen
885 5491 987 5558 saepe
1005 5468 1085 5538 aliis
1102 5481 1238 5560 tempo·
1262 5549 1265 5557 Δ
1289 5489 1351 5539 sua
1368 5465 1550 5559 sapientie·
1603 5465 1707 5538 ltem:
1733 5466 1773 5538 Si
1789 5469 1850 5538 illa
1871 5467 2045 5559 sapientia
2062 5479 2147 5538 essct
2163 5465 2251 5530 mute·

2106 961 2235 976 —-—·..,

1292 1521 1472 1604 Quaestio
1499 1523 1656 1593 Ductori
1683 1517 1863 1594 Doridi
1890 1520 2071 1618 (Vespr)
2093 1526 2240 1616 proposito

1316 1645 1340 1692 a
1362 1623 1490 1717 Gasp.
1515 1629 1749 1712 Peucero,
1784 1627 1962 1697 Doctore's
1989 1627 2136 1720 Corpore·
2156 1621 2223 1722 fillo.
