4666 6170
92 269 161 342 221
468 267 721 352 SCRIPTA
755 272 832 348 AD
866 269 1062 348 VlTAM
1091 265 1165 346 ΕΤ
1200 268 1437 350 OBITUM
1461 271 1769 363 MELANTH.
2049 295 2127 372 222

92 437 299 542 cabatur⁸),
331 469 438 540 quam
464 447 601 518 febrem
624 463 659 520 et
680 442 925 547 ριγοπυρετόν
945 462 1079 522 veteres
1130 459 1275 531 orante,
1309 460 1344 518 et
1373 448 1620 539 dissuadente,
1652 469 1686 526 et
1719 453 1887 532 hortante
1905 459 2123 553 Camerario,

89 545 331 640 appellarunt,
358 552 453 643 quod
477 549 585 622 simul
606 565 766 622 aestuent
783 563 817 620 et
831 551 988 642 algeant,
1014 553 1076 646 qui
1129 571 1174 618 ne
1190 549 1229 618 in
1247 549 1428 640 publicum
1446 553 1621 642 prodiret,
1648 558 1705 627 cui
1727 560 1792 630 ille
1805 563 2014 652 adversans,
2040 581 2121 639 tan·

88 647 150 720 hat
175 651 431 743 corripiuntur.
482 649 645 724 Medicus
668 677 753 723 vero
777 675 1000 749 nequaqnam
1027 657 1075 726 ita
1128 653 1356 736 tumaiebat,
1382 653 1522 724 unicam
1542 645 1753 732 sententiam
1781 667 1901 754 pueris
1925 669 2118 760 explicabo.

86 753 234 839 sentire,
259 755 593 824 sedmaiusmalum
617 779 690 826 esse
714 755 930 846 intelligere,
953 771 987 828 et
1013 783 1076 850 pe-
1130 751 1180 822 lta
1216 755 1288 824 illis
1325 761 1676 831 controvertentibus
1721 765 1914 839 intervenit
1955 765 2116 864 Philippi

85 855 238 926 ciculum
261 875 418 926 metuere
443 857 608 944 gravius,
641 861 738 952 quod
765 857 862 927 euim
887 883 1073 954 nunquam
1125 855 1239 942 lilius,
1265 870 1301 928 et
1318 857 1572 930 nunciatPatri
1585 864 1762 935 nemiuem
1780 891 1854 938 esse
1871 869 1908 938 in
1922 873 2117 962 auditorio,

85 957 160 1028 siue
177 959 297 1028 calore
309 958 428 1028 alieno
442 981 570 1048 eorpus
586 983 659 1030 esse
676 961 822 1032 sentiret
838 960 1073 1032 lebremcon-
1125 981 1231 1050 quem
1265 957 1370 1030 Pater
1403 960 1528 1032 danius
1554 967 1787 1054 compellans,
1821 995 1904 1060 ergo
1929 987 1967 1043 tn
1996 975 2116 1071 inquit

81 1062 216 1132 tinuam
243 1085 316 1130 esse
338 1053 591 1150 deprehendit,
615 1087 684 1156 qua
711 1064 803 1131 vires
819 1086 1072 1134 consumeren-
1124 1058 1304 1131 discedere
1319 1061 1477 1132 iussisti?
1501 1068 1595 1157 quod
1615 1091 1694 1136 cum
1713 1071 1807 1141 lilius
1830 1092 1989 1164 negaret,
2015 1093 2115 1170 pater

82 1179 155 1248 tur,
188 1175 224 1232 et
247 1163 418 1233 intestino
440 1161 607 1234 incendio
631 1165 921 1258 colliquescerent
952 1168 1071 1260 quasi·
1123 1162 1243 1232 animo
1259 1165 1399 1242 sedato,
1423 1165 1481 1234 cui
1498 1166 1607 1256 igitur
1627 1169 1761 1258 legam,
1788 1175 1923 1268 inquit,
1945 1179 1976 1248 si
2002 1203 2110 1254 nemu

83 1291 149 1360 que
179 1265 460 1355 conflagrarent,
492 1267 535 1334 ad
560 1291 665 1360 quam
688 1291 767 1337 cum
791 1269 957 1359 periodos
989 1269 1070 1338 illas
1121 1265 1239 1348 adest,
1265 1279 1300 1336 et
1311 1263 1390 1334 sine
1404 1267 1565 1357 graviore
1581 1275 1818 1346 commotione
1833 1297 1964 1350 vestem
1989 1307 2112 1354 mrsus

84 1369 252 1442 tertianas
267 1369 432 1437 accedere
448 1366 602 1452 videret,
627 1363 863 1464 ἡμιτριταῖοι]
885 1393 959 1440 esse
974 1370 1069 1440 iudi·
1120 1367 1305 1456 deposuit,
1338 1382 1445 1461 atque
1471 1364 1538 1440 bae
1563 1373 1708 1442 minime
1734 1377 1959 1477 culpanda⁹)
1986 1384 2113 1456 fraude

88 1471 190 1554 cavit,
226 1470 353 1564 quiex
378 1469 526 1540 tertiana
548 1471 842 1556 etcontinuafit,
868 1473 1070 1544 etmauile-
1120 1467 1654 1564 illaclaversadetatigadosie
1677 1478 1763 1562 fuit,
1784 1497 1943 1576 utquam
1961 1487 2111 1558 minime

91 1575 142 1646 stis
156 1573 201 1642 de
217 1572 335 1642 causis
349 1571 459 1642 lerme
475 1594 613 1664 semper
626 1587 675 1644 est
693 1573 919 1658 incurabilis,
959 1571 1067 1664 Quod
1120 1585 1422 1657 commoveretur,
1449 1589 1656 1648 nontamen
1675 1577 1786 1666 nihil,
1812 1609 1918 1677 quam
1943 1609 2017 1658 non
2043 1614 2109 1681 po-

86 1689 191 1746 antem
216 1674 257 1743 in
280 1673 396 1744 urinis
415 1673 552 1744 lentum
579 1687 614 1745 et
636 1676 797 1764 nigrum,
831 1689 866 1746 et
887 1677 989 1770 quasi
1012 1678 1068 1768 pi-
1119 1671 1244 1742 inisset
1263 1675 1447 1746 sustinere.
1506 1675 1724 1770 Expectabat
1747 1699 1822 1755 tum
1844 1690 1887 1755 ad
1909 1689 2004 1760 fores
2026 1715 2109 1761 mn-

81 1803 174 1848 ceum
190 1777 367 1870 quiddam
385 1777 568 1846 subsidere
588 1777 745 1862 solebat,
799 1775 1067 1874 ldaplerisque
1118 1773 1190 1842 saei
1217 1775 1422 1846 tabellarius
1444 1777 1570 1849 missus
1594 1784 1637 1850 ad
1661 1807 1742 1852 eum
1759 1786 2049 1878 exPomerania,
2073 1808 2108 1866 et

80 1905 139 1972 pro
161 1871 291 1950 calculi
312 1879 459 1949 materia
481 1875 696 1963 habebatur,
722 1903 802 1948 curu
826 1893 861 1950 et
886 1879 963 1950 sine
988 1905 1066 1950 are-
1119 1889 1219 1944 eram
1234 1877 1358 1946 eodem
1377 1889 1535 1969 tempore
1551 1883 1674 1954 literae
1691 1887 1723 1955 ei
1740 1889 1947 1962 scribendae
1967 1896 2014 1964 ad
2028 1894 2107 1966 Du-

79 1983 169 2052 nulis
186 2005 375 2075 nunquam
392 1996 525 2066 essent,
550 1995 585 2054 et
607 1982 768 2052 turbidae
785 2005 942 2073 semper,
968 1985 1065 2076 qnod
1118 2003 1192 2047 cern
1212 1975 1480 2052 Bnrussiaeetc.
1522 1981 1837 2078 'impeditaigirur
1858 1996 2107 2083 praelectionis

77 2084 181 2154 labris
205 2083 384 2154 calculum
408 2085 514 2154 simul
540 2097 790 2155 commoveret.
848 2083 974 2154 'l'alem
1000 2109 1065 2154 au-
1117 2081 1280 2172 publicae
1303 2107 1411 2171 opera
1435 2097 1473 2153 ut
1499 2085 1670 2173 diximus,
1697 2085 1781 2160 haec
1802 2098 1946 2184 agebat,
1970 2112 2004 2169 et
2030 2097 2106 2170 Bo-

76 2203 142 2257 tem
153 2188 297 2257 urinam
317 2185 355 2254 in
372 2187 497 2256 calculi
515 2187 816 2257 commotionibus
828 2211 930 2279 saepe
945 2210 1065 2257 exere·
1116 2181 1287 2252 russiacas
1302 2185 1457 2274 primunt
1482 2186 1521 2254 in
1544 2211 1670 2261 manus
1684 2195 1862 2284 sumebat,
1887 2223 2040 2295 cumque
2066 2202 2107 2272 in

78 2305 170 2362 cerat
192 2301 318 2370 antea,
349 2289 430 2358 etsi
448 2290 535 2383 quid
557 2291 695 2358 adversi
711 2303 867 2359 senserat
882 2301 1006 2374 antea,
1032 2290 1064 2359 si
1117 2279 1173 2354 liis
1195 2285 1391 2356 scribendis
1414 2287 1535 2382 aliquo
1553 2315 1666 2385 usque
1682 2318 1886 2386 progressus
1901 2301 2044 2389 fnisset,
2066 2327 2105 2374 se

77 2393 174 2464 talem
190 2391 362 2460 edidisset
376 2389 539 2477 urinam,
564 2386 657 2460 nibil
675 2393 771 2461 aliud
796 2393 866 2460 nisi
886 2391 1062 2463 calculum
1115 2385 1238 2478 positis
1252 2387 1312 2473 iis,
1333 2385 1563 2462 Pomeranica
1582 2398 1807 2485 expediebat,
1828 2417 1868 2473 ut
1882 2405 2002 2476 minus
2017 2429 2104 2497 ope-

78 2519 143 2565 esse
158 2507 257 2564 certo
271 2494 447 2564 statuebat
469 2493 595 2584 longae
615 2493 851 2586 experientiae
873 2517 1064 2584 argumen-
1114 2489 1363 2578 rosanegocia.
1412 2490 1550 2562 Literas
1571 2494 1680 2586 igitur
1704 2511 1778 2569 tum
1799 2503 1838 2571 in
1852 2501 2104 2580 Pomeraniarn

77 2599 114 2670 tis
129 2599 292 2668 edoctus.
342 2591 422 2665 Hoc
445 2597 554 2687 igitur
578 2599 674 2689 quod
699 2609 775 2666 tum
798 2597 969 2666 edebatur
981 2595 1062 2667 Me-
1113 2591 1289 2660 scribebat
1304 2595 1482 2678 ternasad
1500 2596 1709 2682 minimum,
1735 2616 1769 2673 et
1794 2605 1935 2678 libellos
1958 2611 2102 2701 pluscu-

78 2703 169 2770 dicus
186 2711 312 2768 noster
327 2711 361 2768 et
375 2695 481 2792 ὦμον
494 2693 622 2792 χυμὸν
637 2698 793 2768 iudicare
809 2712 843 2768 et
865 2721 910 2766 ne
925 2721 1060 2792 συντη-
1113 2693 1166 2762 los
1187 2691 1369 2762 concionis
1394 2689 1534 2766 habitae
1558 2701 1603 2768 acl
1619 2701 1726 2772 funus
1748 2699 1858 2776 Ducis
1873 2707 2106 2784 pomeraniae
2130 2715 2136 2730 '

82 2797 197 2874 κακὸν
210 2800 349 2894 aliquid
364 2815 450 2870 esset
467 2801 623 2870 metuere
641 2825 677 2870 se
693 2799 931 2890 significabat,
946 2801 1059 2872 inter·
1113 2791 1273 2886 Philippi
1295 2811 1360 2869 etc.
1387 2797 1431 2866 de
1461 2821 1530 2891 qua
1557 2805 1856 2896 supradiximus,
1886 2813 2008 2884 amicis
2042 2815 2102 2884 iu-

86 2905 302 2996 ngentibus,
337 2899 438 2972 euisrs
461 2903 681 2974 coniecturas
703 2917 820 2973 rectas
834 2917 869 2974 et
886 2903 1058 2972 iudicium
1112 2898 1299 2973 scribebat.
1351 2896 1525 2971 Fortassis
1540 2918 1657 2975 autem
1676 2902 1864 2990 hneetiam
1887 2912 1981 2985 inter
2006 2917 2101 2986 omi-

90 3031 191 3076 vemm
214 3007 327 3076 fuisse
348 3005 462 3074 exitus
489 3005 752 3097 comprobavit,
784 3018 818 3076 et
844 3005 950 3074 nimis
977 3005 1058 3100 qui·
1113 3023 1198 3070 uosa
1215 3001 1438 3071 referendum
1460 3019 1556 3076 sexta
1578 3019 1660 3078 ante
1681 3026 1831 3082 mortem
1854 3015 1912 3085 die
1933 3041 2014 3088 eum
2042 2991 2100 3090 ῐιι-Ι

81 3111 167 3194 dem,
193 3133 281 3178 uam
298 3101 575 3178 haemitritaeam
591 3107 725 3176 lebrem
744 3107 872 3191 luisse,
897 3131 989 3207 quae
1013 3105 1057 3180 D.
1111 3105 1237 3172 nebres
1254 3103 1443 3175 conciones
1458 3107 1662 3184 inscribere.
1702 3111 1779 3184 Sub
1794 3117 1829 3185 id
1849 3129 1987 3212 tempos
2002 3143 2099 3192 nun·

72 3207 277 3304 Philippum
300 3211 507 3294 coniecerit,
540 3224 573 3279 et
598 3210 689 3278 vires
714 3210 753 3278 in
778 3231 926 3300 corpore
952 3209 1057 3278 senili
1109 3204 1268 3274 elabatur
1282 3206 1370 3274 eide
1387 3211 1572 3280 conatibus
1589 3212 1866 3304 malevolorum,
1892 3223 2024 3314 quibus
2039 3224 2098 3293 iu-

71 3315 223 3408 reliquas
247 3313 477 3392 absumserit,
504 3313 659 3382 ‹lsrbitari
683 3335 756 3380 nou
776 3325 901 3400 potest.
955 3309 1056 3400 Quae
1108 3307 1281 3376 sidiarum
1306 3321 1481 3379 certarum
1503 3313 1699 3384 tendiculas
1722 3318 1778 3388 illi
1796 3335 1995 3396 attraxerant
2021 3327 2099 3397 eui-

70 3419 110 3486 de
124 3419 256 3488 morbo
274 3416 386 3506 ipsius
400 3409 467 3483 hoc
482 3416 588 3483 modo
608 3415 764 3484 breviter
780 3413 972 3484 indicanda
990 3439 1057 3504 pu-
1108 3409 1208 3494 dam,
1250 3433 1354 3502 quem
1372 3435 1464 3481 -eum
1488 3413 1592 3484 bonis
1613 3417 1729 3488 faeere
1748 3424 1902 3510 graviter
1923 3427 2097 3515 ferebant,

70 3521 242 3602 taviruus,
294 3519 365 3588 Sed
390 3530 536 3609 propter
561 3541 809 3612 paroxysmum
834 3517 895 3586 illa
918 3517 1055 3606 vesperi
1106 3535 1197 3605 quae
1212 3524 1332 3581 tamen
1350 3511 1396 3582 ita
1416 3516 1461 3583 ab
1486 3515 1559 3584 illis
1573 3520 1787 3608 agebantur,
1815 3539 1852 3597 ut
1877 3527 1950 3598 risu
1974 3531 2098 3620 potius

69 3622 164 3692 cibus
182 3633 246 3692 aut
262 3631 366 3712 potus
384 3619 416 3688 ei
441 3621 525 3688 dure
545 3643 659 3712 neque
679 3619 811 3710 putuit,
838 3643 954 3714 neque
980 3619 1055 3711 ipse
1105 3637 1212 3707 quam
1238 3613 1362 3683 dolore
1384 3615 1411 3684 ii
1433 3632 1581 3690 conatus
1605 3620 1704 3711 digni
1728 3626 1954 3716 videimtur,
1979 3645 2014 3703 et
2036 3633 2094 3702 in·

69 3724 245 3816 expetivit.
297 3719 443 3793 Noctem
457 3735 573 3794 autem
591 3733 794 3814 sequentem
812 3735 932 3806 totam,
957 3737 997 3793 ut
1014 3722 1051 3790 iu
1104 3715 1293 3802 cogitantia
1311 3718 1530 3790 crudelitatis
1551 3733 1584 3792 et
1599 3725 1870 3802 malevolentiae
1893 3733 1991 3806 illius
2016 3759 2095 3806 ma-

66 3849 296 3920 paroxysmo,
323 3818 681 3917 pergravemhabuit,
707 3838 742 3894 et
757 3824 970 3919 inquietam,
985 3826 1052 3894 sub
1103 3817 1229 3888 disesia
1255 3817 1353 3890 lieret
1380 3821 1548 3893 omnibus
1571 3826 1635 3918 qui
1658 3829 1835 3906 audirent.
1887 3833 2013 3930 ltaque
2037 3861 2096 3908 rea

65 3929 264 3999 diluculum
282 3940 399 3996 tamen
416 3925 656 4019 acquiescens,
684 3927 843 3996 dormire
861 3929 990 4018 caepit,
1018 3941 1052 3997 et
1103 3933 1175 3990 iola
1191 3921 1330 4012 abipso
1346 3921 1452 3992 etiam
1468 3923 1662 4013 ridebatur,
1682 3932 1760 4000 sine
1779 3934 1850 4004 ulla
1867 3939 1980 4006 animi
1994 3963 2093 4009 conr-

63 4055 210 4100 somrms
227 4031 419 4122 productus
434 4031 622 4121 fuitusque
637 4031 681 4097 ad
699 4024 822 4099 hosam
838 4031 1049 4100 matutinam
1101 4023 1272 4094 motione·
1325 4021 1394 4096 Sed
1417 4038 1451 4096 θῑ
1476 4029 1645 4120 temporis
1668 4034 1807 4105 talione
1829 4035 1877 4108 ild
1902 4039 2093 4126 flagiltults

62 4135 171 4202 terme
201 4133 386 4225 quintam,
437 4128 520 4219 Quo
542 4145 701 4222 tempore
724 4131 794 4200 diei
817 4131 934 4214 illius,
960 4155 1050 4225 quae
1101 4137 1136 4195 et
1152 4129 1246 4218 quod
1265 4127 1310 4196 ad
1323 4126 1433 4196 altare
1448 4151 1547 4198 more
1564 4132 1705 4202 solenni
1720 4159 1849 4208 munus
1872 4161 1912 4208 ea
1927 4141 1986 4210 die
2000 4141 2091 4214 eile-

61 4237 125 4306 iuit
151 4235 290 4304 decima
316 4245 439 4328 quarta
456 4233 591 4323 Aprilis
613 4247 648 4304 et
671 4229 860 4304 Paschatus
883 4234 978 4318 dies,
1004 4235 1048 4301 de
1100 4230 1252 4298 rendum
1274 4243 1362 4298 esset
1385 4229 1423 4298 in
1445 4231 1637 4323 templum,
1662 4236 1814 4306 abiicere
1830 4242 1977 4326 caeteri,
2002 4243 2090 4314 reli-

61 4337 146 4408 lecto
164 4335 337 4417 surrexit,
365 4347 398 4404 et
414 4357 616 4430 quanquam
635 4336 727 4404 vires
743 4337 792 4406 ita
807 4351 907 4407 erant
934 4337 1047 4405 imbe-
1100 4343 1155 4398 clo
1196 4331 1290 4422 apud
1339 4347 1601 4423 praeceptorem
1651 4331 1832 4408 loachimo
1872 4339 2091 4419 camerario.

61 4441 178 4520 sillae,
206 4453 247 4510 ut
268 4437 327 4508 vix
349 4437 488 4528 ingredi
510 4463 610 4530 posse
631 4439 828 4522 videretur,
854 4451 973 4510 tamen
1001 4442 1045 4508 ad
1100 4428 1239 4502 Interea
1262 4433 1345 4502 illae
1368 4432 1621 4504 Pomeranicae
1642 4461 1661 4506 a
1685 4433 1855 4534 Philippo
1878 4445 2091 4542 scriptiones

60 4543 246 4613 lectionem
264 4539 441 4631 publicam
458 4543 669 4612 descendere
684 4541 844 4621 volebat,
869 4565 939 4635 qua
957 4534 1045 4610 hora
1097 4534 1269 4626 perlectae
1285 4535 1403 4620 luere,
1429 4549 1462 4607 et
1478 4537 1685 4608 tabellarius
1698 4539 1878 4616 dimissus.

59 4659 148 4714 sexta
164 4639 349 4714 historiam
364 4637 636 4733 Evangelicam,
661 4669 752 4738 quae
774 4669 815 4712 eo
830 4645 888 4712 die
906 4644 943 4711 in
959 4667 1046 4713 con-

61 4748 222 4816 cionibus
239 4745 346 4814 sacris
363 4746 593 4836 proponitur,
615 4741 831 4816 scholasticis
845 4746 1045 4836 explicaret,

59 4853 113 4918 sed
138 4849 309 4940 impedita
334 4871 389 4916 res
411 4847 499 4932 suit,
525 4863 559 4918 et
584 4849 627 4916 ad
652 4848 822 4919 auditorii
838 4849 930 4918 loces
946 4873 1044 4918 naut·

58 4953 185 5022 riaturn
210 4951 255 5024 D.
270 4945 477 5042 Philippum
505 4973 578 5018 non
604 4973 676 5018 esse
697 4951 890 5036 lecturum,
915 4951 964 5020 ita
979 4975 1044 5020 au-

56 5055 185 5125 ditores
205 5065 515 5132 consurrexerunt,
542 5051 604 5144 qui
620 5065 860 5122 convenerant
875 5055 1043 5146 frequen-

55 5158 191 5232 tissimi.
253 5153 327 5226 lam
363 5153 426 5224 ille
459 5167 590 5225 vestem
618 5168 810 5242 sumserat,
848 5155 979 5226 trustra
1009 5169 1043 5227 et

1199 4697 1324 4768 Postea
1341 4701 1484 4791 prandii
1499 4715 1675 4794 ternpore,
1699 4716 1839 4780 eumad
1858 4709 1924 4786 hoc
1940 4719 2089 4794 deseen-

1096 4801 1223 4885 disset,
1246 4816 1280 4870 et
1294 4801 1351 4870 vix
1368 4803 1437 4870 iam
1455 4827 1598 4874 mensae
1619 4811 1856 4902 accubuisset,
1880 4821 2034 4898 tormina
2052 4828 2085 4898 ei

1095 4904 1240 4974 molesta
1261 4906 1381 4988 luere,
1402 4918 1442 4974 ut
1466 4910 1626 4978 secedere
1647 4935 1785 4984 necesse
1813 4911 1978 5008 haberet,
2003 4951 2086 4998 mox

1095 5029 1275 5090 reversus,
1301 5007 1454 5096 gnstavit
1475 5007 1608 5102 aliquid
1634 5013 1677 5081 de
1701 5017 1813 5106 gallo,
1838 5045 1943 5112 quem
1970 5031 2084 5100 nostri

1095 5103 1292 5178 bominesa
1310 5109 1429 5178 betula
1446 5111 1717 5200 cognominant,
1743 5135 1826 5192 sunt
1841 5125 1901 5216 qui
1921 5140 2083 5216 artagena

1094 5225 1254 5282 veterum
1272 5233 1346 5280 esse
1364 5223 1507 5302 putent,
1534 5238 1639 5306 quem
1656 5241 1727 5286 una
1745 5245 1824 5290 cum
1839 5226 1971 5312 gallina
1986 5231 2082 5302 eius-

54 5375 252 5390 m

1066 5403 1070 5433 a

82 5477 228 5549 usam.
247 5477 475 5544 summamus.
1065 5440 1071 5520 l
1128 5479 1159 5548 s)
1177 5480 1469 5550 manarum]
1485 5482 1537 5541 aa.
1552 5485 1577 5542 ι.
1595 5483 1728 5542 usuam.
