<?xml version="1.0" encoding="UTF-8"?>
<!DOCTYPE html PUBLIC "-//W3C//DTD XHTML 1.0 Transitional//EN"
    "http://www.w3.org/TR/xhtml1/DTD/xhtml1-transitional.dtd">
<html xmlns="http://www.w3.org/1999/xhtml" xml:lang="en" lang="en">
 <head>
  <title>
</title>
<meta http-equiv="Content-Type" content="text/html;charset=utf-8" />
  <meta name='ocr-system' content='tesseract 3.04.00' />
  <meta name='ocr-capabilities' content='ocr_page ocr_carea ocr_par ocr_line ocrx_word'/>
</head>
<body>
  <div class='ocr_page' id='page_1' title='image "./philippimelanth10bindgoog_0410.png"; bbox 0 0 4652 6178; ppageno 0'>
   <div class='ocr_carea' id='block_1_1' title="bbox 226 211 2219 322">
    <p class='ocr_par' dir='ltr' id='par_1_1' title="bbox 226 211 2219 322">
     <span class='ocr_line' id='line_1_1' title="bbox 226 211 2219 322; baseline -0.001 -24"><span class='ocrx_word' id='word_1_1' title='bbox 226 247 303 322; x_wconf 61' lang='lat'>„3</span> <span class='ocrx_word' id='word_1_2' title='bbox 801 211 1683 316; x_wconf 72' lang='lat' dir='ltr'>:o-umsnsonnsacrosancta.</span> <span class='ocrx_word' id='word_1_3' title='bbox 2160 229 2219 306; x_wconf 79' lang='lat' dir='ltr'>m</span> 
     </span>
    </p>
   </div>
   <div class='ocr_carea' id='block_1_2' title="bbox 94 381 2268 5500">
    <p class='ocr_par' dir='ltr' id='par_1_2' title="bbox 225 381 2268 826">
     <span class='ocr_line' id='line_1_2' title="bbox 323 381 2268 489; baseline -0.009 0"><span class='ocrx_word' id='word_1_4' title='bbox 323 415 434 489; x_wconf 82' lang='lat' dir='ltr'>Nune</span> <span class='ocrx_word' id='word_1_5' title='bbox 460 399 563 486; x_wconf 80' lang='lat' dir='ltr'>trum</span> <span class='ocrx_word' id='word_1_6' title='bbox 586 401 765 479; x_wconf 78' lang='lat' dir='ltr'>iudicium</span> <span class='ocrx_word' id='word_1_7' title='bbox 784 381 1220 474; x_wconf 59' lang='lat' dir='ltr'>lamentarentur,</span> <span class='ocrx_word' id='word_1_8' title='bbox 1275 389 1396 464; x_wconf 80' lang='lat' dir='ltr'>Settas</span> <span class='ocrx_word' id='word_1_9' title='bbox 1411 415 1494 484; x_wconf 73' lang='lat' dir='ltr'>ergo</span> <span class='ocrx_word' id='word_1_10' title='bbox 1509 403 1543 464; x_wconf 91' lang='lat' dir='ltr'>et</span> <span class='ocrx_word' id='word_1_11' title='bbox 1559 407 1673 462; x_wconf 78' lang='lat' dir='ltr'>advos</span> <span class='ocrx_word' id='word_1_12' title='bbox 1690 390 1877 482; x_wconf 68' lang='lat' dir='ltr'>magistros</span> <span class='ocrx_word' id='word_1_13' title='bbox 1892 384 2071 482; x_wconf 77' lang='lat' dir='ltr'>prohibuit</span> <span class='ocrx_word' id='word_1_14' title='bbox 2082 389 2223 486; x_wconf 85' lang='lat' dir='ltr'>Christus,</span> <span class='ocrx_word' id='word_1_15' title='bbox 2267 417 2268 426; x_wconf 56' lang='lat'>¹</span> 
     </span>
     <span class='ocr_line' id='line_1_3' title="bbox 225 492 2210 604; baseline -0.014 -9"><span class='ocrx_word' id='word_1_16' title='bbox 225 523 312 596; x_wconf 88' lang='lat' dir='ltr'>huic</span> <span class='ocrx_word' id='word_1_17' title='bbox 334 517 513 591; x_wconf 84' lang='lat' dir='ltr'>auditorio</span> <span class='ocrx_word' id='word_1_18' title='bbox 536 531 710 604; x_wconf 72' lang='lat' dir='ltr'>exponas,</span> <span class='ocrx_word' id='word_1_19' title='bbox 734 505 768 575; x_wconf 89' lang='lat' dir='ltr'>et&#39;</span> <span class='ocrx_word' id='word_1_20' title='bbox 789 499 899 574; x_wconf 81' lang='lat' dir='ltr'>sim&#39;ul</span> <span class='ocrx_word' id='word_1_21' title='bbox 921 499 1105 579; x_wconf 70' lang='lat' dir='ltr'>suendae,</span> <span class='ocrx_word' id='word_1_22' title='bbox 1131 517 1225 588; x_wconf 78' lang='lat' dir='ltr'>quo·-</span> <span class='ocrx_word' id='word_1_23' title='bbox 1275 519 1351 566; x_wconf 91' lang='lat' dir='ltr'>nun</span> <span class='ocrx_word' id='word_1_24' title='bbox 1367 517 1500 566; x_wconf 73' lang='lat' dir='ltr'>nonen</span> <span class='ocrx_word' id='word_1_25' title='bbox 1515 494 1624 566; x_wconf 79' lang='lat' dir='ltr'>officii</span> <span class='ocrx_word' id='word_1_26' title='bbox 1639 507 1674 564; x_wconf 89' lang='lat' dir='ltr'>et</span> <span class='ocrx_word' id='word_1_27' title='bbox 1689 494 1878 566; x_wconf 82' lang='lat' dir='ltr'>ministerii</span> <span class='ocrx_word' id='word_1_28' title='bbox 1897 494 2008 564; x_wconf 75' lang='lat' dir='ltr'>ausui</span> <span class='ocrx_word' id='word_1_29' title='bbox 2025 492 2210 576; x_wconf 78' lang='lat' dir='ltr'>inEcchsia.</span> 
     </span>
     <span class='ocr_line' id='line_1_4' title="bbox 225 590 2226 698; baseline -0.015 -1"><span class='ocrx_word' id='word_1_30' title='bbox 225 628 336 698; x_wconf 87' lang='lat' dir='ltr'>modo</span> <span class='ocrx_word' id='word_1_31' title='bbox 360 618 446 692; x_wconf 89' lang='lat' dir='ltr'>haee</span> <span class='ocrx_word' id='word_1_32' title='bbox 469 614 663 689; x_wconf 85' lang='lat' dir='ltr'>consolatio</span> <span class='ocrx_word' id='word_1_33' title='bbox 685 605 730 681; x_wconf 89' lang='lat' dir='ltr'>ad</span> <span class='ocrx_word' id='word_1_34' title='bbox 751 628 817 678; x_wconf 87' lang='lat' dir='ltr'>nos</span> <span class='ocrx_word' id='word_1_35' title='bbox 838 597 1139 673; x_wconf 86' lang='lat' dir='ltr'>accommodanda</span> <span class='ocrx_word' id='word_1_36' title='bbox 1162 593 1226 665; x_wconf 91' lang='lat' dir='ltr'>sit&#39;:</span> <span class='ocrx_word' id='word_1_37' title='bbox 1378 596 1481 670; x_wconf 88' lang='lat' dir='ltr'>Siout</span> <span class='ocrx_word' id='word_1_38' title='bbox 1503 597 1614 690; x_wconf 71' lang='lat' dir='ltr'>igitur</span> <span class='ocrx_word' id='word_1_39' title='bbox 1635 620 1759 668; x_wconf 87' lang='lat' dir='ltr'>ornnes</span> <span class='ocrx_word' id='word_1_40' title='bbox 1787 619 1855 668; x_wconf 83' lang='lat' dir='ltr'>nos</span> <span class='ocrx_word' id='word_1_41' title='bbox 1878 590 2066 668; x_wconf 67' lang='lat' dir='ltr'>Christiani</span> <span class='ocrx_word' id='word_1_42' title='bbox 2091 598 2124 668; x_wconf 90' lang='lat' dir='ltr'>iu</span> <span class='ocrx_word' id='word_1_43' title='bbox 2145 597 2226 676; x_wconf 71' lang='lat' dir='ltr'>Chet-</span> 
     </span>
     <span class='ocr_line' id='line_1_5' title="bbox 230 697 2227 826; baseline -0.015 -28"><span class='ocrx_word' id='word_1_44' title='bbox 230 729 314 826; x_wconf 88' lang='lat' dir='ltr'>qoia</span> <span class='ocrx_word' id='word_1_45' title='bbox 339 723 401 795; x_wconf 85' lang='lat' dir='ltr'>etsi</span> <span class='ocrx_word' id='word_1_46' title='bbox 425 721 531 792; x_wconf 90' lang='lat' dir='ltr'>nobis</span> <span class='ocrx_word' id='word_1_47' title='bbox 551 735 626 786; x_wconf 85' lang='lat' dir='ltr'>nou</span> <span class='ocrx_word' id='word_1_48' title='bbox 650 727 702 784; x_wconf 91' lang='lat' dir='ltr'>est</span> <span class='ocrx_word' id='word_1_49' title='bbox 723 725 816 780; x_wconf 86' lang='lat' dir='ltr'>certa</span> <span class='ocrx_word' id='word_1_50' title='bbox 841 705 942 776; x_wconf 84' lang='lat' dir='ltr'>sedes</span> <span class='ocrx_word' id='word_1_51' title='bbox 956 703 1148 796; x_wconf 85' lang='lat' dir='ltr'>promissa,</span> <span class='ocrx_word' id='word_1_52' title='bbox 1173 712 1228 767; x_wconf 83' lang='lat' dir='ltr'>ta·</span> <span class='ocrx_word' id='word_1_53' title='bbox 1249 701 1254 760; x_wconf 87' lang='grc' dir='ltr'>Ι</span> <span class='ocrx_word' id='word_1_54' title='bbox 1276 715 1372 770; x_wconf 86' lang='lat' dir='ltr'>stum</span> <span class='ocrx_word' id='word_1_55' title='bbox 1397 713 1432 770; x_wconf 93' lang='lat' dir='ltr'>ct</span> <span class='ocrx_word' id='word_1_56' title='bbox 1449 700 1491 768; x_wconf 86' lang='lat' dir='ltr'>in</span> <span class='ocrx_word' id='word_1_57' title='bbox 1512 712 1663 770; x_wconf 90' lang='lat' dir='ltr'>mortem</span> <span class='ocrx_word' id='word_1_58' title='bbox 1679 700 1755 770; x_wconf 91' lang='lat' dir='ltr'>eius</span> <span class='ocrx_word' id='word_1_59' title='bbox 1776 697 1965 792; x_wconf 85' lang='lat' dir='ltr'>baptisati,</span> <span class='ocrx_word' id='word_1_60' title='bbox 1985 721 2074 788; x_wconf 72' lang='lat' dir='ltr'>repes</span> <span class='ocrx_word' id='word_1_61' title='bbox 2089 721 2227 778; x_wconf 70' lang='lat' dir='ltr'>sumana</span> 
     </span>
    </p>

    <p class='ocr_par' dir='ltr' id='par_1_3' title="bbox 165 795 2235 1724">
     <span class='ocr_line' id='line_1_6' title="bbox 165 795 2227 920; baseline -0.011 -17"><span class='ocrx_word' id='word_1_62' title='bbox 165 848 168 858; x_wconf 80' lang='grc'>’</span> <span class='ocrx_word' id='word_1_63' title='bbox 227 853 313 904; x_wconf 88' lang='lat' dir='ltr'>men</span> <span class='ocrx_word' id='word_1_64' title='bbox 329 845 439 920; x_wconf 78' lang='lat' dir='ltr'>genus</span> <span class='ocrx_word' id='word_1_65' title='bbox 456 826 501 894; x_wconf 92' lang='lat' dir='ltr'>ad</span> <span class='ocrx_word' id='word_1_66' title='bbox 525 841 591 892; x_wconf 92' lang='lat' dir='ltr'>nos</span> <span class='ocrx_word' id='word_1_67' title='bbox 605 809 773 912; x_wconf 77' lang='lat' dir='ltr'>pertinet.</span> <span class='ocrx_word' id='word_1_68' title='bbox 825 809 974 900; x_wconf 80' lang='lat' dir='ltr'>Semper</span> <span class='ocrx_word' id='word_1_69' title='bbox 995 805 1091 874; x_wconf 85' lang='lat' dir='ltr'>enim</span> <span class='ocrx_word' id='word_1_70' title='bbox 1108 812 1230 870; x_wconf 88' lang='lat' dir='ltr'>manet</span> <span class='ocrx_word' id='word_1_71' title='bbox 1278 804 1477 874; x_wconf 70' lang='lat' dir='ltr'>sacerdotes</span> <span class='ocrx_word' id='word_1_72' title='bbox 1496 801 1534 874; x_wconf 92' lang='lat' dir='ltr'>in</span> <span class='ocrx_word' id='word_1_73' title='bbox 1558 795 1720 872; x_wconf 88' lang='lat' dir='ltr'>Christo:</span> <span class='ocrx_word' id='word_1_74' title='bbox 1763 802 1811 872; x_wconf 88' lang='lat' dir='ltr'>its</span> <span class='ocrx_word' id='word_1_75' title='bbox 1835 801 2021 894; x_wconf 80' lang='lat' dir='ltr'>sliqui.sls</span> <span class='ocrx_word' id='word_1_76' title='bbox 2039 797 2227 880; x_wconf 74' lang='lat' dir='ltr'>linclesistd</span> 
     </span>
     <span class='ocr_line' id='line_1_7' title="bbox 222 901 2229 1004; baseline -0.017 1"><span class='ocrx_word' id='word_1_77' title='bbox 222 931 301 1004; x_wconf 88' lang='lat' dir='ltr'>hoe</span> <span class='ocrx_word' id='word_1_78' title='bbox 333 931 526 1002; x_wconf 82' lang='lat' dir='ltr'>decretum:</span> <span class='ocrx_word' id='word_1_79' title='bbox 562 917 759 993; x_wconf 85' lang='lat' dir='ltr'>Generatio</span> <span class='ocrx_word' id='word_1_80' title='bbox 783 920 963 984; x_wconf 87' lang='lat' dir='ltr'>rectorum</span> <span class='ocrx_word' id='word_1_81' title='bbox 987 905 1230 980; x_wconf 69' lang='lat' dir='ltr'>benedicetur,</span> <span class='ocrx_word' id='word_1_82' title='bbox 1279 901 1348 976; x_wconf 88' lang='lat' dir='ltr'>hoe</span> <span class='ocrx_word' id='word_1_83' title='bbox 1365 903 1480 976; x_wconf 84' lang='lat' dir='ltr'>vocati</span> <span class='ocrx_word' id='word_1_84' title='bbox 1501 915 1537 974; x_wconf 90' lang='lat' dir='ltr'>ct</span> <span class='ocrx_word' id='word_1_85' title='bbox 1558 903 1716 976; x_wconf 86' lang='lat' dir='ltr'>ordinati</span> <span class='ocrx_word' id='word_1_86' title='bbox 1738 915 1823 974; x_wconf 90' lang='lat' dir='ltr'>sunt</span> <span class='ocrx_word' id='word_1_87' title='bbox 1845 902 2002 992; x_wconf 66' lang='lat' dir='ltr'>magistri</span> <span class='ocrx_word' id='word_1_88' title='bbox 2017 917 2050 974; x_wconf 87' lang='lat' dir='ltr'>et</span> <span class='ocrx_word' id='word_1_89' title='bbox 2065 920 2229 996; x_wconf 69' lang='lat' dir='ltr'>pastoratu</span> 
     </span>
     <span class='ocr_line' id='line_1_8' title="bbox 231 999 2229 1116; baseline -0.012 -12"><span class='ocrx_word' id='word_1_90' title='bbox 231 1035 364 1110; x_wconf 62' lang='lat' dir='ltr'>&amp;mos</span> <span class='ocrx_word' id='word_1_91' title='bbox 386 1029 486 1100; x_wconf 86' lang='lat' dir='ltr'>enim</span> <span class='ocrx_word' id='word_1_92' title='bbox 507 1024 643 1108; x_wconf 90' lang='lat' dir='ltr'>catelli,</span> <span class='ocrx_word' id='word_1_93' title='bbox 677 1020 739 1116; x_wconf 85' lang='lat' dir='ltr'>qul</span> <span class='ocrx_word' id='word_1_94' title='bbox 762 1015 867 1088; x_wconf 89' lang='lat' dir='ltr'>mieis</span> <span class='ocrx_word' id='word_1_95' title='bbox 893 1023 1037 1106; x_wconf 88' lang='lat' dir='ltr'>patrum</span> <span class='ocrx_word' id='word_1_96' title='bbox 1057 1009 1230 1077; x_wconf 85' lang='lat' dir='ltr'>immensa</span> <span class='ocrx_word' id='word_1_97' title='bbox 1281 1009 1463 1087; x_wconf 79' lang='lat' dir='ltr'>doctores,</span> <span class='ocrx_word' id='word_1_98' title='bbox 1489 1005 1529 1074; x_wconf 86' lang='lat' dir='ltr'>in</span> <span class='ocrx_word' id='word_1_99' title='bbox 1552 1006 1617 1074; x_wconf 91' lang='lat' dir='ltr'>illo</span> <span class='ocrx_word' id='word_1_100' title='bbox 1637 1005 1746 1076; x_wconf 87' lang='lat' dir='ltr'>unico</span> <span class='ocrx_word' id='word_1_101' title='bbox 1768 1004 1942 1096; x_wconf 71' lang='lat' dir='ltr'>Magistro</span> <span class='ocrx_word' id='word_1_102' title='bbox 1962 999 2112 1092; x_wconf 86' lang='lat' dir='ltr'>Christo,</span> <span class='ocrx_word' id='word_1_103' title='bbox 2138 1009 2169 1078; x_wconf 94' lang='lat' dir='ltr'>in</span> <span class='ocrx_word' id='word_1_104' title='bbox 2184 1009 2229 1080; x_wconf 85' lang='lat' dir='ltr'>illu</span> 
     </span>
     <span class='ocr_line' id='line_1_9' title="bbox 226 1101 2230 1208; baseline -0.013 0"><span class='ocrx_word' id='word_1_105' title='bbox 226 1121 477 1208; x_wconf 68' lang='lat' dir='ltr'>misericordie</span> <span class='ocrx_word' id='word_1_106' title='bbox 501 1125 570 1200; x_wconf 90' lang='lat' dir='ltr'>Dei</span> <span class='ocrx_word' id='word_1_107' title='bbox 600 1126 758 1197; x_wconf 85' lang='lat' dir='ltr'>aluntur.</span> <span class='ocrx_word' id='word_1_108' title='bbox 813 1115 970 1208; x_wconf 85' lang='lat' dir='ltr'>ideoque</span> <span class='ocrx_word' id='word_1_109' title='bbox 1000 1125 1139 1197; x_wconf 77' lang='lat' dir='ltr'>semper</span> <span class='ocrx_word' id='word_1_110' title='bbox 1166 1105 1232 1174; x_wconf 91' lang='lat' dir='ltr'>erit</span> <span class='ocrx_word' id='word_1_111' title='bbox 1281 1109 1389 1180; x_wconf 81' lang='lat' dir='ltr'>stoico</span> <span class='ocrx_word' id='word_1_112' title='bbox 1407 1119 1545 1200; x_wconf 85' lang='lat' dir='ltr'>pastore</span> <span class='ocrx_word' id='word_1_113' title='bbox 1559 1101 1723 1192; x_wconf 88' lang='lat' dir='ltr'>Christo,</span> <span class='ocrx_word' id='word_1_114' title='bbox 1748 1107 1787 1178; x_wconf 90' lang='lat' dir='ltr'>in</span> <span class='ocrx_word' id='word_1_115' title='bbox 1805 1109 1868 1178; x_wconf 91' lang='lat' dir='ltr'>illo</span> <span class='ocrx_word' id='word_1_116' title='bbox 1888 1106 1996 1178; x_wconf 87' lang='lat' dir='ltr'>unico</span> <span class='ocrx_word' id='word_1_117' title='bbox 2011 1109 2142 1182; x_wconf 86' lang='lat' dir='ltr'>doctore</span> <span class='ocrx_word' id='word_1_118' title='bbox 2152 1106 2230 1182; x_wconf 85' lang='lat' dir='ltr'>Chri-</span> 
     </span>
     <span class='ocr_line' id='line_1_10' title="bbox 232 1207 2231 1322; baseline -0.013 -13"><span class='ocrx_word' id='word_1_119' title='bbox 232 1237 395 1312; x_wconf 83' lang='lat' dir='ltr'>Ecclesia</span> <span class='ocrx_word' id='word_1_120' title='bbox 411 1235 451 1304; x_wconf 81' lang='lat' dir='ltr'>in</span> <span class='ocrx_word' id='word_1_121' title='bbox 468 1232 531 1302; x_wconf 90' lang='lat' dir='ltr'>illa</span> <span class='ocrx_word' id='word_1_122' title='bbox 548 1227 773 1322; x_wconf 68' lang='lat' dir='ltr'>posteritate,</span> <span class='ocrx_word' id='word_1_123' title='bbox 799 1242 891 1313; x_wconf 84' lang='lat' dir='ltr'>quae</span> <span class='ocrx_word' id='word_1_124' title='bbox 912 1216 1029 1286; x_wconf 84' lang='lat' dir='ltr'>studia</span> <span class='ocrx_word' id='word_1_125' title='bbox 1045 1207 1233 1300; x_wconf 73' lang='lat' dir='ltr'>Evangelii</span> <span class='ocrx_word' id='word_1_126' title='bbox 1281 1225 1357 1296; x_wconf 89' lang='lat' dir='ltr'>sto,</span> <span class='ocrx_word' id='word_1_127' title='bbox 1378 1208 1427 1280; x_wconf 86' lang='lat' dir='ltr'>&#39;de</span> <span class='ocrx_word' id='word_1_128' title='bbox 1448 1234 1520 1303; x_wconf 90' lang='lat' dir='ltr'>quo</span> <span class='ocrx_word' id='word_1_129' title='bbox 1545 1207 1650 1280; x_wconf 86' lang='lat' dir='ltr'>Pater</span> <span class='ocrx_word' id='word_1_130' title='bbox 1673 1233 1715 1280; x_wconf 84' lang='lat' dir='ltr'>ex</span> <span class='ocrx_word' id='word_1_131' title='bbox 1737 1211 1836 1280; x_wconf 90' lang='lat' dir='ltr'>coelo</span> <span class='ocrx_word' id='word_1_132' title='bbox 1861 1210 2003 1280; x_wconf 86' lang='lat' dir='ltr'>clamat:</span> <span class='ocrx_word' id='word_1_133' title='bbox 2029 1207 2093 1280; x_wconf 87' lang='lat' dir='ltr'>llic</span> <span class='ocrx_word' id='word_1_134' title='bbox 2109 1213 2231 1284; x_wconf 79' lang='lat' dir='ltr'>aethlius</span> 
     </span>
     <span class='ocr_line' id='line_1_11' title="bbox 228 1305 2230 1437; baseline -0.011 -30"><span class='ocrx_word' id='word_1_135' title='bbox 228 1344 291 1437; x_wconf 74' lang='lat' dir='ltr'>pie</span> <span class='ocrx_word' id='word_1_136' title='bbox 312 1339 416 1412; x_wconf 82' lang='lat' dir='ltr'>solet.</span> <span class='ocrx_word' id='word_1_137' title='bbox 451 1329 513 1404; x_wconf 55' lang='lat' dir='ltr'>‘Et</span> <span class='ocrx_word' id='word_1_138' title='bbox 537 1331 640 1402; x_wconf 86' lang='lat' dir='ltr'>dahit</span> <span class='ocrx_word' id='word_1_139' title='bbox 669 1324 801 1400; x_wconf 87' lang='lat' dir='ltr'>alieubi</span> <span class='ocrx_word' id='word_1_140' title='bbox 822 1319 921 1392; x_wconf 88' lang='lat' dir='ltr'>Deus</span> <span class='ocrx_word' id='word_1_141' title='bbox 950 1336 1034 1388; x_wconf 87' lang='lat' dir='ltr'>suae</span> <span class='ocrx_word' id='word_1_142' title='bbox 1056 1311 1235 1384; x_wconf 74' lang='lat' dir='ltr'>Ecclesiae</span> <span class='ocrx_word' id='word_1_143' title='bbox 1282 1335 1383 1384; x_wconf 90' lang='lat' dir='ltr'>meus</span> <span class='ocrx_word' id='word_1_144' title='bbox 1417 1313 1588 1396; x_wconf 82' lang='lat' dir='ltr'>dilectus,</span> <span class='ocrx_word' id='word_1_145' title='bbox 1621 1311 1661 1382; x_wconf 92' lang='lat' dir='ltr'>in</span> <span class='ocrx_word' id='word_1_146' title='bbox 1694 1323 1768 1404; x_wconf 84' lang='lat' dir='ltr'>quo</span> <span class='ocrx_word' id='word_1_147' title='bbox 1802 1305 1893 1382; x_wconf 88' lang='lat' dir='ltr'>mihi</span> <span class='ocrx_word' id='word_1_148' title='bbox 1930 1314 2026 1382; x_wconf 83' lang='lat' dir='ltr'>bene</span> <span class='ocrx_word' id='word_1_149' title='bbox 2053 1315 2230 1405; x_wconf 81' lang='lat' dir='ltr'>complacuit,</span> 
     </span>
     <span class='ocr_line' id='line_1_12' title="bbox 230 1409 2234 1528; baseline -0.015 -12"><span class='ocrx_word' id='word_1_150' title='bbox 230 1440 427 1516; x_wconf 81' lang='lat' dir='ltr'>mediocria</span> <span class='ocrx_word' id='word_1_151' title='bbox 451 1431 617 1528; x_wconf 85' lang='lat' dir='ltr'>hospitla.</span> <span class='ocrx_word' id='word_1_152' title='bbox 669 1427 768 1498; x_wconf 85' lang='lat' dir='ltr'>llaec</span> <span class='ocrx_word' id='word_1_153' title='bbox 785 1427 880 1494; x_wconf 84' lang='lat' dir='ltr'>bona</span> <span class='ocrx_word' id='word_1_154' title='bbox 904 1423 950 1492; x_wconf 86' lang='lat' dir='ltr'>ab</span> <span class='ocrx_word' id='word_1_155' title='bbox 971 1445 1013 1490; x_wconf 89' lang='lat' dir='ltr'>eo</span> <span class='ocrx_word' id='word_1_156' title='bbox 1030 1437 1155 1488; x_wconf 77' lang='lat' dir='ltr'>ornnes</span> <span class='ocrx_word' id='word_1_157' title='bbox 1177 1437 1234 1484; x_wconf 89' lang='lat' dir='ltr'>ar·</span> <span class='ocrx_word' id='word_1_158' title='bbox 1283 1416 1401 1507; x_wconf 88' lang='lat' dir='ltr'>ipsum</span> <span class='ocrx_word' id='word_1_159' title='bbox 1420 1415 1553 1487; x_wconf 83' lang='lat' dir='ltr'>audite.</span> <span class='ocrx_word' id='word_1_160' title='bbox 1590 1409 2079 1487; x_wconf 87' lang='lat' dir='ltr'>EtinMoseeomminatur:</span> <span class='ocrx_word' id='word_1_161' title='bbox 2103 1415 2234 1508; x_wconf 69' lang='lat' dir='ltr'>quatra</span> 
     </span>
     <span class='ocr_line' id='line_1_13' title="bbox 230 1515 2233 1622; baseline -0.015 -5"><span class='ocrx_word' id='word_1_162' title='bbox 230 1545 401 1618; x_wconf 88' lang='lat' dir='ltr'>dentibus</span> <span class='ocrx_word' id='word_1_163' title='bbox 423 1539 517 1610; x_wconf 83' lang='lat' dir='ltr'>uotis</span> <span class='ocrx_word' id='word_1_164' title='bbox 533 1536 674 1608; x_wconf 79' lang='lat' dir='ltr'>assidue</span> <span class='ocrx_word' id='word_1_165' title='bbox 692 1543 865 1622; x_wconf 88' lang='lat' dir='ltr'>petamus.</span> <span class='ocrx_word' id='word_1_166' title='bbox 917 1522 990 1596; x_wconf 86' lang='lat' dir='ltr'>Nee</span> <span class='ocrx_word' id='word_1_167' title='bbox 1011 1519 1092 1592; x_wconf 81' lang='lat' dir='ltr'>talis</span> <span class='ocrx_word' id='word_1_168' title='bbox 1112 1516 1235 1609; x_wconf 88' lang='lat' dir='ltr'>petitio</span> <span class='ocrx_word' id='word_1_169' title='bbox 1284 1515 1426 1611; x_wconf 85' lang='lat' dir='ltr'>phetam</span> <span class='ocrx_word' id='word_1_170' title='bbox 1441 1515 1543 1586; x_wconf 85' lang='lat' dir='ltr'>illum</span> <span class='ocrx_word' id='word_1_171' title='bbox 1560 1539 1636 1586; x_wconf 89' lang='lat' dir='ltr'>non</span> <span class='ocrx_word' id='word_1_172' title='bbox 1649 1517 1820 1600; x_wconf 77' lang='lat' dir='ltr'>sodimis,</span> <span class='ocrx_word' id='word_1_173' title='bbox 1844 1538 1910 1604; x_wconf 79' lang='lat' dir='ltr'>ego</span> <span class='ocrx_word' id='word_1_174' title='bbox 1928 1517 2026 1588; x_wconf 89' lang='lat' dir='ltr'>ultor</span> <span class='ocrx_word' id='word_1_175' title='bbox 2038 1517 2177 1604; x_wconf 80' lang='lat' dir='ltr'>existam,</span> <span class='ocrx_word' id='word_1_176' title='bbox 2194 1519 2233 1588; x_wconf 88' lang='lat' dir='ltr'>di·</span> 
     </span>
     <span class='ocr_line' id='line_1_14' title="bbox 229 1615 2235 1724; baseline -0.013 -7"><span class='ocrx_word' id='word_1_177' title='bbox 229 1646 434 1724; x_wconf 81' lang='lat' dir='ltr'>eritirrita.</span> <span class='ocrx_word' id='word_1_178' title='bbox 485 1639 582 1714; x_wconf 78' lang='lat' dir='ltr'>Dixi.</span> <span class='ocrx_word' id='word_1_179' title='bbox 1285 1621 1334 1692; x_wconf 87' lang='lat' dir='ltr'>cit</span> <span class='ocrx_word' id='word_1_180' title='bbox 1354 1615 1543 1692; x_wconf 86' lang='lat' dir='ltr'>Dominus.</span> <span class='ocrx_word' id='word_1_181' title='bbox 1595 1615 1672 1690; x_wconf 88' lang='lat' dir='ltr'>llae</span> <span class='ocrx_word' id='word_1_182' title='bbox 1696 1618 1834 1690; x_wconf 85' lang='lat' dir='ltr'>ratione</span> <span class='ocrx_word' id='word_1_183' title='bbox 1857 1617 1989 1690; x_wconf 81' lang='lat' dir='ltr'>Paulus</span> <span class='ocrx_word' id='word_1_184' title='bbox 2014 1618 2114 1703; x_wconf 90' lang='lat' dir='ltr'>dicit,</span> <span class='ocrx_word' id='word_1_185' title='bbox 2136 1643 2167 1690; x_wconf 88' lang='lat' dir='ltr'>se</span> <span class='ocrx_word' id='word_1_186' title='bbox 2183 1645 2235 1690; x_wconf 85' lang='lat' dir='ltr'>na·</span> 
     </span>
    </p>

    <p class='ocr_par' dir='ltr' id='par_1_4' title="bbox 237 1715 2235 1928">
     <span class='ocr_line' id='line_1_15' title="bbox 293 1715 2234 1814; baseline -0.004 -14"><span class='ocrx_word' id='word_1_187' title='bbox 293 1807 296 1814; x_wconf 53' lang='grc'><strong>,</strong></span> <span class='ocrx_word' id='word_1_188' title='bbox 1231 1787 1235 1792; x_wconf 89' lang='grc'>,</span> <span class='ocrx_word' id='word_1_189' title='bbox 1285 1725 1435 1814; x_wconf 76' lang='lat' dir='ltr'>gistrum</span> <span class='ocrx_word' id='word_1_190' title='bbox 1460 1734 1495 1792; x_wconf 84' lang='lat' dir='ltr'>et</span> <span class='ocrx_word' id='word_1_191' title='bbox 1518 1722 1700 1792; x_wconf 84' lang='lat' dir='ltr'>doctorem</span> <span class='ocrx_word' id='word_1_192' title='bbox 1729 1719 1902 1811; x_wconf 72' lang='lat' dir='ltr'>gentium.</span> <span class='ocrx_word' id='word_1_193' title='bbox 1963 1715 2064 1792; x_wconf 89' lang='lat' dir='ltr'>Nihil</span> <span class='ocrx_word' id='word_1_194' title='bbox 2088 1723 2234 1792; x_wconf 82' lang='lat' dir='ltr'>veritusss</span> 
     </span>
     <span class='ocr_line' id='line_1_16' title="bbox 237 1817 2235 1928; baseline -0.013 -9"><span class='ocrx_word' id='word_1_195' title='bbox 237 1846 354 1920; x_wconf 78' lang='lat' dir='ltr'>orata</span> <span class='ocrx_word' id='word_1_196' title='bbox 391 1841 436 1909; x_wconf 87' lang='lat' dir='ltr'>D.</span> <span class='ocrx_word' id='word_1_197' title='bbox 467 1836 614 1906; x_wconf 78' lang='lat' dir='ltr'>lotan.</span> <span class='ocrx_word' id='word_1_198' title='bbox 652 1825 921 1928; x_wconf 56' lang='lat' dir='ltr'>sswealtqqis:</span> <span class='ocrx_word' id='word_1_199' title='bbox 947 1822 1139 1926; x_wconf 57' lang='lat' dir='ltr'>amarat,</span> <span class='ocrx_word' id='word_1_200' title='bbox 1173 1840 1237 1907; x_wconf 72' lang='lat'><em>‘1²⁶⁰</em></span> <span class='ocrx_word' id='word_1_201' title='bbox 1287 1826 1404 1895; x_wconf 74' lang='lat' dir='ltr'>dicere</span> <span class='ocrx_word' id='word_1_202' title='bbox 1424 1823 1561 1916; x_wconf 65' lang='lat' dir='ltr'>aliquid</span> <span class='ocrx_word' id='word_1_203' title='bbox 1582 1836 1706 1898; x_wconf 81' lang='lat' dir='ltr'>contro</span> <span class='ocrx_word' id='word_1_204' title='bbox 1728 1826 1877 1894; x_wconf 81' lang='lat' dir='ltr'>verbum</span> <span class='ocrx_word' id='word_1_205' title='bbox 1892 1817 2046 1896; x_wconf 80' lang='lat' dir='ltr'>Christi:</span> <span class='ocrx_word' id='word_1_206' title='bbox 2076 1823 2176 1896; x_wconf 87' lang='lat' dir='ltr'>Nolite</span> <span class='ocrx_word' id='word_1_207' title='bbox 2193 1849 2235 1894; x_wconf 75' lang='lat' dir='ltr'>se</span> 
     </span>
    </p>

    <p class='ocr_par' dir='ltr' id='par_1_5' title="bbox 231 1905 2233 2122">
     <span class='ocr_line' id='line_1_17' title="bbox 231 1905 1778 2022; baseline -0.019 -22"><span class='ocrx_word' id='word_1_208' title='bbox 231 1931 321 2022; x_wconf 70' lang='lat' dir='ltr'>&#39;ferit</span> <span class='ocrx_word' id='word_1_209' title='bbox 343 1923 491 1996; x_wconf 83' lang='lat' dir='ltr'>lslndcro</span> <span class='ocrx_word' id='word_1_210' title='bbox 518 1923 715 2008; x_wconf 81' lang='lat' dir='ltr'>patestatem</span> <span class='ocrx_word' id='word_1_211' title='bbox 744 1909 921 1997; x_wconf 71' lang='lat' dir='ltr'>recipienda</span> <span class='ocrx_word' id='word_1_212' title='bbox 941 1905 1085 1994; x_wconf 69' lang='lat' dir='ltr'>amirato</span> <span class='ocrx_word' id='word_1_213' title='bbox 1107 1907 1237 1974; x_wconf 87' lang='lat' dir='ltr'>Docto·</span> <span class='ocrx_word' id='word_1_214' title='bbox 1287 1928 1361 1999; x_wconf 64' lang='lat' dir='ltr'>fflq</span> <span class='ocrx_word' id='word_1_215' title='bbox 1376 1923 1497 2000; x_wconf 51' lang='grc' dir='ltr'>ΜΗ</span> <span class='ocrx_word' id='word_1_216' title='bbox 1512 1925 1587 1996; x_wconf 59' lang='lat'>53„</span> <span class='ocrx_word' id='word_1_217' title='bbox 1602 1921 1778 2014; x_wconf 44' lang='lat' dir='ltr'>Mfflqmp</span> 
     </span>
     <span class='ocr_line' id='line_1_18' title="bbox 697 2017 2233 2122; baseline -0.003 -24"><span class='ocrx_word' id='word_1_218' title='bbox 697 2017 781 2068; x_wconf 60' lang='grc' dir='ltr'>ΝΜ·</span> <span class='ocrx_word' id='word_1_219' title='bbox 1391 2028 1556 2106; x_wconf 85' lang='lat' dir='ltr'>Primum.</span> <span class='ocrx_word' id='word_1_220' title='bbox 1568 2020 1717 2098; x_wconf 79' lang='lat' dir='ltr'>stadialis</span> <span class='ocrx_word' id='word_1_221' title='bbox 1741 2032 1939 2122; x_wconf 82' lang='lat' dir='ltr'>exemplum</span> <span class='ocrx_word' id='word_1_222' title='bbox 1958 2027 2100 2116; x_wconf 82' lang='lat' dir='ltr'>Esaiae,</span> <span class='ocrx_word' id='word_1_223' title='bbox 2124 2053 2154 2100; x_wconf 88' lang='lat' dir='ltr'>tc</span> <span class='ocrx_word' id='word_1_224' title='bbox 2172 2027 2233 2096; x_wconf 86' lang='lat' dir='ltr'>altra</span> 
     </span>
    </p>

    <p class='ocr_par' dir='ltr' id='par_1_6' title="bbox 239 2116 2243 3148">
     <span class='ocr_line' id='line_1_19' title="bbox 341 2116 2232 2226; baseline -0.013 -5"><span class='ocrx_word' id='word_1_225' title='bbox 341 2149 506 2226; x_wconf 88' lang='lat' dir='ltr'>Christus</span> <span class='ocrx_word' id='word_1_226' title='bbox 517 2135 693 2214; x_wconf 89' lang='lat' dir='ltr'>Dominus</span> <span class='ocrx_word' id='word_1_227' title='bbox 706 2151 827 2208; x_wconf 90' lang='lat' dir='ltr'>noster</span> <span class='ocrx_word' id='word_1_228' title='bbox 844 2133 941 2218; x_wconf 89' lang='lat' dir='ltr'>dicit,</span> <span class='ocrx_word' id='word_1_229' title='bbox 962 2126 1101 2224; x_wconf 79' lang='lat' dir='ltr'>lingate</span> <span class='ocrx_word' id='word_1_230' title='bbox 1112 2116 1239 2196; x_wconf 86' lang='lat' dir='ltr'>Domi·</span> <span class='ocrx_word' id='word_1_231' title='bbox 1288 2129 1499 2221; x_wconf 83' lang='lat' dir='ltr'>ingerentis,</span> <span class='ocrx_word' id='word_1_232' title='bbox 1525 2125 1819 2204; x_wconf 86' lang='lat' dir='ltr'>etDominirum</span> <span class='ocrx_word' id='word_1_233' title='bbox 1836 2135 2022 2205; x_wconf 73' lang='lat' dir='ltr'>mittentis.</span> <span class='ocrx_word' id='word_1_234' title='bbox 2067 2123 2232 2202; x_wconf 79' lang='lat' dir='ltr'>Dciadsls-</span> 
     </span>
     <span class='ocr_line' id='line_1_20' title="bbox 239 2229 2229 2338; baseline -0.018 -8"><span class='ocrx_word' id='word_1_235' title='bbox 239 2283 328 2336; x_wconf 84' lang='lat' dir='ltr'>num</span> <span class='ocrx_word' id='word_1_236' title='bbox 360 2245 504 2338; x_wconf 85' lang='lat' dir='ltr'>messis,</span> <span class='ocrx_word' id='word_1_237' title='bbox 545 2257 586 2314; x_wconf 89' lang='lat' dir='ltr'>ut</span> <span class='ocrx_word' id='word_1_238' title='bbox 612 2241 776 2310; x_wconf 86' lang='lat' dir='ltr'>extrudat</span> <span class='ocrx_word' id='word_1_239' title='bbox 801 2238 984 2332; x_wconf 87' lang='lat' dir='ltr'>operarios</span> <span class='ocrx_word' id='word_1_240' title='bbox 1017 2232 1057 2302; x_wconf 91' lang='lat' dir='ltr'>in</span> <span class='ocrx_word' id='word_1_241' title='bbox 1090 2251 1239 2300; x_wconf 86' lang='lat' dir='ltr'>messem</span> <span class='ocrx_word' id='word_1_242' title='bbox 1289 2233 1380 2304; x_wconf 87' lang='lat' dir='ltr'>betis</span> <span class='ocrx_word' id='word_1_243' title='bbox 1397 2233 1505 2302; x_wconf 80' lang='lat' dir='ltr'>verba</span> <span class='ocrx_word' id='word_1_244' title='bbox 1523 2229 1679 2322; x_wconf 85' lang='lat' dir='ltr'>Spiritus</span> <span class='ocrx_word' id='word_1_245' title='bbox 1696 2233 1811 2304; x_wconf 88' lang='lat' dir='ltr'>saneti</span> <span class='ocrx_word' id='word_1_246' title='bbox 1833 2235 1869 2306; x_wconf 90' lang='lat' dir='ltr'>in</span> <span class='ocrx_word' id='word_1_247' title='bbox 1887 2235 2020 2308; x_wconf 75' lang='lat' dir='ltr'>Paulos</span> <span class='ocrx_word' id='word_1_248' title='bbox 2047 2233 2118 2326; x_wconf 88' lang='lat' dir='ltr'>Qui</span> <span class='ocrx_word' id='word_1_249' title='bbox 2132 2229 2229 2322; x_wconf 83' lang='lat' dir='ltr'>Episco-</span> 
     </span>
     <span class='ocr_line' id='line_1_21' title="bbox 241 2326 2234 2442; baseline -0.018 -3"><span class='ocrx_word' id='word_1_250' title='bbox 241 2387 356 2442; x_wconf 87' lang='lat' dir='ltr'>suam.</span> <span class='ocrx_word' id='word_1_251' title='bbox 407 2345 711 2426; x_wconf 79' lang='lat' dir='ltr'>Extruditautem</span> <span class='ocrx_word' id='word_1_252' title='bbox 725 2332 822 2410; x_wconf 88' lang='lat' dir='ltr'>Deus</span> <span class='ocrx_word' id='word_1_253' title='bbox 839 2333 1075 2432; x_wconf 84' lang='lat' dir='ltr'>operariosin</span> <span class='ocrx_word' id='word_1_254' title='bbox 1093 2355 1239 2402; x_wconf 81' lang='lat' dir='ltr'>messem</span> <span class='ocrx_word' id='word_1_255' title='bbox 1290 2351 1412 2430; x_wconf 84' lang='lat' dir='ltr'>patum</span> <span class='ocrx_word' id='word_1_256' title='bbox 1428 2334 1616 2414; x_wconf 82' lang='lat' dir='ltr'>desiderat,</span> <span class='ocrx_word' id='word_1_257' title='bbox 1643 2334 1778 2406; x_wconf 80' lang='lat' dir='ltr'>bonum</span> <span class='ocrx_word' id='word_1_258' title='bbox 1796 2361 1887 2428; x_wconf 89' lang='lat' dir='ltr'>opus</span> <span class='ocrx_word' id='word_1_259' title='bbox 1902 2339 2088 2410; x_wconf 83' lang='lat' dir='ltr'>desiderat.</span> <span class='ocrx_word' id='word_1_260' title='bbox 2119 2326 2234 2406; x_wconf 81' lang='lat' dir='ltr'>EtChti·</span> 
     </span>
     <span class='ocr_line' id='line_1_22' title="bbox 244 2432 2236 2544; baseline -0.018 -8"><span class='ocrx_word' id='word_1_261' title='bbox 244 2487 365 2544; x_wconf 86' lang='lat' dir='ltr'>auam,</span> <span class='ocrx_word' id='word_1_262' title='bbox 390 2454 531 2530; x_wconf 83' lang='lat' dir='ltr'>duobus</span> <span class='ocrx_word' id='word_1_263' title='bbox 555 2443 681 2516; x_wconf 86' lang='lat' dir='ltr'>modis.</span> <span class='ocrx_word' id='word_1_264' title='bbox 734 2442 857 2511; x_wconf 84' lang='lat' dir='ltr'>Altero</span> <span class='ocrx_word' id='word_1_265' title='bbox 884 2439 1066 2524; x_wconf 87' lang='lat' dir='ltr'>nolentes,</span> <span class='ocrx_word' id='word_1_266' title='bbox 1091 2449 1130 2505; x_wconf 91' lang='lat' dir='ltr'>ut</span> <span class='ocrx_word' id='word_1_267' title='bbox 1147 2433 1240 2504; x_wconf 90' lang='lat' dir='ltr'>lere·</span> <span class='ocrx_word' id='word_1_268' title='bbox 1290 2452 1365 2510; x_wconf 90' lang='lat' dir='ltr'>stus</span> <span class='ocrx_word' id='word_1_269' title='bbox 1389 2435 1464 2527; x_wconf 79' lang='lat' dir='ltr'>ipss</span> <span class='ocrx_word' id='word_1_270' title='bbox 1479 2435 1582 2506; x_wconf 73' lang='lat' dir='ltr'>dieite</span> <span class='ocrx_word' id='word_1_271' title='bbox 1609 2432 1684 2524; x_wconf 85' lang='lat' dir='ltr'>Qui</span> <span class='ocrx_word' id='word_1_272' title='bbox 1701 2437 1855 2510; x_wconf 72' lang='lat' dir='ltr'>voluterit</span> <span class='ocrx_word' id='word_1_273' title='bbox 1878 2443 2052 2512; x_wconf 87' lang='lat' dir='ltr'>intervos</span> <span class='ocrx_word' id='word_1_274' title='bbox 2070 2433 2236 2510; x_wconf 74' lang='lat' dir='ltr'>euenaiu,</span> 
     </span>
     <span class='ocr_line' id='line_1_23' title="bbox 239 2532 2237 2652; baseline -0.013 -17"><span class='ocrx_word' id='word_1_275' title='bbox 239 2547 372 2642; x_wconf 79' lang='lat' dir='ltr'>mium,</span> <span class='ocrx_word' id='word_1_276' title='bbox 400 2555 461 2652; x_wconf 92' lang='lat' dir='ltr'>qui</span> <span class='ocrx_word' id='word_1_277' title='bbox 477 2549 582 2623; x_wconf 81' lang='lat' dir='ltr'>dixit:</span> <span class='ocrx_word' id='word_1_278' title='bbox 611 2538 671 2618; x_wconf 79' lang='lat' dir='ltr'>Ah</span> <span class='ocrx_word' id='word_1_279' title='bbox 684 2542 840 2616; x_wconf 88' lang='lat' dir='ltr'>Domine</span> <span class='ocrx_word' id='word_1_280' title='bbox 854 2541 970 2622; x_wconf 89' lang='lat' dir='ltr'>Deus,</span> <span class='ocrx_word' id='word_1_281' title='bbox 995 2539 1114 2610; x_wconf 86' lang='lat' dir='ltr'>nescio</span> <span class='ocrx_word' id='word_1_282' title='bbox 1130 2535 1241 2632; x_wconf 91' lang='lat' dir='ltr'>loqui,</span> <span class='ocrx_word' id='word_1_283' title='bbox 1291 2541 1338 2610; x_wconf 89' lang='lat' dir='ltr'>sit</span> <span class='ocrx_word' id='word_1_284' title='bbox 1366 2552 1480 2610; x_wconf 84' lang='lat' dir='ltr'>vester</span> <span class='ocrx_word' id='word_1_285' title='bbox 1509 2537 1680 2610; x_wconf 82' lang='lat' dir='ltr'>minister.</span> <span class='ocrx_word' id='word_1_286' title='bbox 1732 2537 1815 2610; x_wconf 90' lang='lat' dir='ltr'>Non</span> <span class='ocrx_word' id='word_1_287' title='bbox 1844 2539 2015 2634; x_wconf 87' lang='lat' dir='ltr'>prohihet</span> <span class='ocrx_word' id='word_1_288' title='bbox 2036 2542 2157 2614; x_wconf 85' lang='lat' dir='ltr'>Paulus</span> <span class='ocrx_word' id='word_1_289' title='bbox 2179 2532 2237 2602; x_wconf 71' lang='lat' dir='ltr'>velit</span> 
     </span>
     <span class='ocr_line' id='line_1_24' title="bbox 246 2635 2238 2766; baseline -0.013 -30"><span class='ocrx_word' id='word_1_290' title='bbox 246 2667 330 2766; x_wconf 84' lang='lat' dir='ltr'>quia</span> <span class='ocrx_word' id='word_1_291' title='bbox 350 2683 439 2756; x_wconf 89' lang='lat' dir='ltr'>puer</span> <span class='ocrx_word' id='word_1_292' title='bbox 460 2677 525 2746; x_wconf 77' lang='lat' dir='ltr'>ego</span> <span class='ocrx_word' id='word_1_293' title='bbox 546 2675 645 2734; x_wconf 89' lang='lat' dir='ltr'>sum,</span> <span class='ocrx_word' id='word_1_294' title='bbox 671 2645 719 2717; x_wconf 83' lang='lat' dir='ltr'>Et</span> <span class='ocrx_word' id='word_1_295' title='bbox 741 2644 889 2728; x_wconf 85' lang='lat' dir='ltr'>Mosen,</span> <span class='ocrx_word' id='word_1_296' title='bbox 913 2657 978 2714; x_wconf 86' lang='lat' dir='ltr'>etc.</span> <span class='ocrx_word' id='word_1_297' title='bbox 1028 2641 1153 2713; x_wconf 88' lang='lat' dir='ltr'>Altero</span> <span class='ocrx_word' id='word_1_298' title='bbox 1178 2665 1240 2707; x_wconf 87' lang='lat' dir='ltr'>vo·</span> <span class='ocrx_word' id='word_1_299' title='bbox 1291 2635 1609 2732; x_wconf 83' lang='lat' dir='ltr'>lieriEpisropum,</span> <span class='ocrx_word' id='word_1_300' title='bbox 1632 2640 1884 2733; x_wconf 88' lang='lat' dir='ltr'>siveappetere</span> <span class='ocrx_word' id='word_1_301' title='bbox 1894 2642 2152 2738; x_wconf 86' lang='lat' dir='ltr'>Episcopatu,</span> <span class='ocrx_word' id='word_1_302' title='bbox 2168 2637 2238 2706; x_wconf 79' lang='lat' dir='ltr'>nuda</span> 
     </span>
     <span class='ocr_line' id='line_1_25' title="bbox 240 2733 2239 2850; baseline -0.014 -19"><span class='ocrx_word' id='word_1_303' title='bbox 240 2771 379 2850; x_wconf 63' lang='lat' dir='ltr'>lentes,</span> <span class='ocrx_word' id='word_1_304' title='bbox 409 2775 448 2832; x_wconf 88' lang='lat' dir='ltr'>ut</span> <span class='ocrx_word' id='word_1_305' title='bbox 471 2752 631 2827; x_wconf 81' lang='lat' dir='ltr'>Esaiam:</span> <span class='ocrx_word' id='word_1_306' title='bbox 667 2743 762 2819; x_wconf 86' lang='lat' dir='ltr'>Ecce</span> <span class='ocrx_word' id='word_1_307' title='bbox 786 2741 824 2816; x_wconf 89' lang='lat' dir='ltr'>in</span> <span class='ocrx_word' id='word_1_308' title='bbox 852 2745 906 2816; x_wconf 90' lang='lat' dir='ltr'>uit</span> <span class='ocrx_word' id='word_1_309' title='bbox 935 2767 1017 2835; x_wconf 81' lang='lat' dir='ltr'>ego,</span> <span class='ocrx_word' id='word_1_310' title='bbox 1048 2743 1149 2813; x_wconf 88' lang='lat' dir='ltr'>mitte</span> <span class='ocrx_word' id='word_1_311' title='bbox 1176 2766 1241 2810; x_wconf 77' lang='lat' dir='ltr'>ane</span> <span class='ocrx_word' id='word_1_312' title='bbox 1291 2747 1427 2817; x_wconf 72' lang='lat' dir='ltr'>bonnam</span> <span class='ocrx_word' id='word_1_313' title='bbox 1450 2765 1539 2832; x_wconf 86' lang='lat' dir='ltr'>opus</span> <span class='ocrx_word' id='word_1_314' title='bbox 1562 2743 1759 2828; x_wconf 86' lang='lat' dir='ltr'>desideres,</span> <span class='ocrx_word' id='word_1_315' title='bbox 1791 2746 1832 2816; x_wconf 81' lang='lat' dir='ltr'>id</span> <span class='ocrx_word' id='word_1_316' title='bbox 1851 2763 1901 2818; x_wconf 72' lang='lat' dir='ltr'>aet</span> <span class='ocrx_word' id='word_1_317' title='bbox 1957 2749 2112 2820; x_wconf 61' lang='lat' dir='ltr'>offitium</span> <span class='ocrx_word' id='word_1_318' title='bbox 2131 2733 2239 2812; x_wconf 80' lang='lat' dir='ltr'>docendi</span> 
     </span>
     <span class='ocr_line' id='line_1_26' title="bbox 246 2771 2240 2946; baseline -0.014 -4"><span class='ocrx_word' id='word_1_319' title='bbox 246 2865 298 2946; x_wconf 81' lang='lat' dir='ltr'>Et</span> <span class='ocrx_word' id='word_1_320' title='bbox 321 2865 411 2938; x_wconf 87' lang='lat' dir='ltr'>dirit</span> <span class='ocrx_word' id='word_1_321' title='bbox 430 2858 607 2932; x_wconf 86' lang='lat' dir='ltr'>Dominus</span> <span class='ocrx_word' id='word_1_322' title='bbox 629 2854 673 2922; x_wconf 90' lang='lat' dir='ltr'>ad</span> <span class='ocrx_word' id='word_1_323' title='bbox 698 2872 800 2933; x_wconf 89' lang='lat' dir='ltr'>eum,</span> <span class='ocrx_word' id='word_1_324' title='bbox 828 2771 946 2934; x_wconf 68' lang='lat' dir='ltr'>inae,</span> <span class='ocrx_word' id='word_1_325' title='bbox 970 2861 1036 2920; x_wconf 89' lang='lat' dir='ltr'>ete.</span> <span class='ocrx_word' id='word_1_326' title='bbox 1092 2845 1243 2936; x_wconf 90' lang='lat' dir='ltr'>lnquo-</span> <span class='ocrx_word' id='word_1_327' title='bbox 1292 2844 1752 2917; x_wconf 84' lang='lat' dir='ltr'>bonaconseientiacoram</span> <span class='ocrx_word' id='word_1_328' title='bbox 1769 2844 1857 2934; x_wconf 87' lang='lat' dir='ltr'>Deo,</span> <span class='ocrx_word' id='word_1_329' title='bbox 1883 2803 2240 2944; x_wconf 74' lang='lat' dir='ltr'>qhensadmodumlht</span> 
     </span>
     <span class='ocr_line' id='line_1_27' title="bbox 241 2939 2241 3053; baseline -0.011 -16"><span class='ocrx_word' id='word_1_330' title='bbox 241 2971 328 3053; x_wconf 67' lang='lat' dir='ltr'>‘rum</span> <span class='ocrx_word' id='word_1_331' title='bbox 345 2973 495 3038; x_wconf 83' lang='lat' dir='ltr'>numero</span> <span class='ocrx_word' id='word_1_332' title='bbox 512 2971 595 3030; x_wconf 90' lang='lat' dir='ltr'>sunt</span> <span class='ocrx_word' id='word_1_333' title='bbox 617 2955 694 3034; x_wconf 81' lang='lat' dir='ltr'>isti,</span> <span class='ocrx_word' id='word_1_334' title='bbox 721 2953 781 3048; x_wconf 83' lang='lat' dir='ltr'>qui</span> <span class='ocrx_word' id='word_1_335' title='bbox 800 2963 925 3048; x_wconf 86' lang='lat' dir='ltr'>petunt</span> <span class='ocrx_word' id='word_1_336' title='bbox 942 2971 962 3019; x_wconf 92' lang='lat' dir='ltr'>a</span> <span class='ocrx_word' id='word_1_337' title='bbox 976 2941 1106 3022; x_wconf 84' lang='lat' dir='ltr'>Schola</span> <span class='ocrx_word' id='word_1_338' title='bbox 1122 2954 1242 3015; x_wconf 88' lang='lat' dir='ltr'>nostra</span> <span class='ocrx_word' id='word_1_339' title='bbox 1293 2945 1349 3020; x_wconf 81' lang='lat' dir='ltr'>lus</span> <span class='ocrx_word' id='word_1_340' title='bbox 1363 2947 1450 3020; x_wconf 87' lang='lat' dir='ltr'>dicit</span> <span class='ocrx_word' id='word_1_341' title='bbox 1466 2949 1511 3018; x_wconf 89' lang='lat' dir='ltr'>de</span> <span class='ocrx_word' id='word_1_342' title='bbox 1528 2970 1579 3016; x_wconf 87' lang='lat' dir='ltr'>se:</span> <span class='ocrx_word' id='word_1_343' title='bbox 1607 2945 1689 3019; x_wconf 89' lang='lat' dir='ltr'>Non</span> <span class='ocrx_word' id='word_1_344' title='bbox 1704 2949 1945 3023; x_wconf 67' lang='lat' dir='ltr'>adulterantes</span> <span class='ocrx_word' id='word_1_345' title='bbox 1963 2954 2110 3026; x_wconf 78' lang='lat' dir='ltr'>uerbum</span> <span class='ocrx_word' id='word_1_346' title='bbox 2123 2945 2189 3027; x_wconf 85' lang='lat' dir='ltr'>Dei,</span> <span class='ocrx_word' id='word_1_347' title='bbox 2204 2939 2241 3008; x_wconf 80' lang='lat' dir='ltr'>ted</span> 
     </span>
     <span class='ocr_line' id='line_1_28' title="bbox 248 3042 2243 3148; baseline -0.021 0"><span class='ocrx_word' id='word_1_348' title='bbox 248 3047 1185 3148; x_wconf 78' lang='lat' dir='ltr'>nomenatosficiumDuctorisinsacra&#39;l&#39;heologia.</span> <span class='ocrx_word' id='word_1_349' title='bbox 1294 3076 1336 3122; x_wconf 80' lang='lat' dir='ltr'>ex</span> <span class='ocrx_word' id='word_1_350' title='bbox 1366 3049 1585 3132; x_wconf 85' lang='lat' dir='ltr'>sinceritate,</span> <span class='ocrx_word' id='word_1_351' title='bbox 1619 3074 1662 3120; x_wconf 84' lang='lat' dir='ltr'>ex</span> <span class='ocrx_word' id='word_1_352' title='bbox 1684 3047 1778 3134; x_wconf 88' lang='lat' dir='ltr'>Deo,</span> <span class='ocrx_word' id='word_1_353' title='bbox 1808 3078 1926 3126; x_wconf 87' lang='lat' dir='ltr'>coram</span> <span class='ocrx_word' id='word_1_354' title='bbox 1955 3053 2053 3134; x_wconf 87' lang='lat' dir='ltr'>Deo,</span> <span class='ocrx_word' id='word_1_355' title='bbox 2087 3042 2243 3126; x_wconf 82' lang='lat' dir='ltr'>inChritto</span> 
     </span>
    </p>

    <p class='ocr_par' dir='ltr' id='par_1_7' title="bbox 244 3148 2254 4194">
     <span class='ocr_line' id='line_1_29' title="bbox 354 3148 2245 3262; baseline -0.011 -22"><span class='ocrx_word' id='word_1_356' title='bbox 354 3167 504 3262; x_wconf 84' lang='lat' dir='ltr'>Quaerit</span> <span class='ocrx_word' id='word_1_357' title='bbox 534 3159 682 3254; x_wconf 89' lang='lat' dir='ltr'>aliquis,</span> <span class='ocrx_word' id='word_1_358' title='bbox 720 3176 806 3227; x_wconf 86' lang='lat' dir='ltr'>num</span> <span class='ocrx_word' id='word_1_359' title='bbox 836 3151 906 3226; x_wconf 89' lang='lat' dir='ltr'>hor</span> <span class='ocrx_word' id='word_1_360' title='bbox 936 3151 1065 3224; x_wconf 84' lang='lat' dir='ltr'>liccat?</span> <span class='ocrx_word' id='word_1_361' title='bbox 1100 3155 1243 3248; x_wconf 88' lang='lat' dir='ltr'>quando</span> <span class='ocrx_word' id='word_1_362' title='bbox 1295 3153 1485 3246; x_wconf 88' lang='lat' dir='ltr'>loquimur.</span> <span class='ocrx_word' id='word_1_363' title='bbox 1537 3148 1610 3222; x_wconf 87' lang='lat' dir='ltr'>Nec</span> <span class='ocrx_word' id='word_1_364' title='bbox 1643 3153 1807 3244; x_wconf 86' lang='lat' dir='ltr'>displicet</span> <span class='ocrx_word' id='word_1_365' title='bbox 1841 3151 1986 3230; x_wconf 82' lang='lat' dir='ltr'>Christo</span> <span class='ocrx_word' id='word_1_366' title='bbox 2008 3157 2083 3234; x_wconf 78' lang='lat' dir='ltr'>‚illa</span> <span class='ocrx_word' id='word_1_367' title='bbox 2115 3151 2245 3224; x_wconf 77' lang='lat' dir='ltr'>volunta</span> 
     </span>
     <span class='ocr_line' id='line_1_30' title="bbox 245 3243 2245 3358; baseline -0.017 -9"><span class='ocrx_word' id='word_1_368' title='bbox 245 3272 414 3358; x_wconf 70' lang='lat' dir='ltr'>Christus</span> <span class='ocrx_word' id='word_1_369' title='bbox 429 3267 531 3357; x_wconf 67' lang='lat' dir='ltr'>dicit:</span> <span class='ocrx_word' id='word_1_370' title='bbox 556 3261 677 3334; x_wconf 75' lang='lat' dir='ltr'>Nattae</span> <span class='ocrx_word' id='word_1_371' title='bbox 693 3259 810 3328; x_wconf 85' lang='lat' dir='ltr'>vocari</span> <span class='ocrx_word' id='word_1_372' title='bbox 826 3256 964 3340; x_wconf 83' lang='lat' dir='ltr'>lialsbi,</span> <span class='ocrx_word' id='word_1_373' title='bbox 991 3257 1047 3325; x_wconf 81' lang='lat' dir='ltr'>sel</span> <span class='ocrx_word' id='word_1_374' title='bbox 1064 3253 1245 3354; x_wconf 75' lang='lat' dir='ltr'>Magistri?</span> <span class='ocrx_word' id='word_1_375' title='bbox 1295 3280 1364 3350; x_wconf 87' lang='lat' dir='ltr'>qna</span> <span class='ocrx_word' id='word_1_376' title='bbox 1380 3255 1460 3346; x_wconf 90' lang='lat' dir='ltr'>quis</span> <span class='ocrx_word' id='word_1_377' title='bbox 1476 3254 1515 3322; x_wconf 90' lang='lat' dir='ltr'>in</span> <span class='ocrx_word' id='word_1_378' title='bbox 1533 3249 1689 3326; x_wconf 82' lang='lat' dir='ltr'>Ecclesia</span> <span class='ocrx_word' id='word_1_379' title='bbox 1708 3255 1783 3326; x_wconf 72' lang='lat' dir='ltr'>uult</span> <span class='ocrx_word' id='word_1_380' title='bbox 1807 3257 1883 3328; x_wconf 89' lang='lat' dir='ltr'>lieri</span> <span class='ocrx_word' id='word_1_381' title='bbox 1897 3261 2038 3351; x_wconf 84' lang='lat' dir='ltr'>raaior,</span> <span class='ocrx_word' id='word_1_382' title='bbox 2059 3258 2173 3336; x_wconf 88' lang='lat' dir='ltr'>idest,</span> <span class='ocrx_word' id='word_1_383' title='bbox 2193 3243 2245 3316; x_wconf 74' lang='lat' dir='ltr'>lle</span> 
     </span>
     <span class='ocr_line' id='line_1_31' title="bbox 244 3351 2247 3474; baseline -0.012 -28"><span class='ocrx_word' id='word_1_384' title='bbox 244 3376 484 3474; x_wconf 72' lang='lat' dir='ltr'>Respondent</span> <span class='ocrx_word' id='word_1_385' title='bbox 511 3367 612 3439; x_wconf 84' lang='lat' dir='ltr'>Licet</span> <span class='ocrx_word' id='word_1_386' title='bbox 628 3363 699 3432; x_wconf 88' lang='lat' dir='ltr'>illis</span> <span class='ocrx_word' id='word_1_387' title='bbox 713 3362 775 3456; x_wconf 86' lang='lat' dir='ltr'>qui</span> <span class='ocrx_word' id='word_1_388' title='bbox 788 3381 903 3430; x_wconf 81' lang='lat' dir='ltr'>tartum</span> <span class='ocrx_word' id='word_1_389' title='bbox 917 3359 1124 3447; x_wconf 79' lang='lat' dir='ltr'>magistrum</span> <span class='ocrx_word' id='word_1_390' title='bbox 1137 3351 1244 3426; x_wconf 77' lang='lat' dir='ltr'>Chri·</span> <span class='ocrx_word' id='word_1_391' title='bbox 1294 3359 1423 3449; x_wconf 75' lang='lat' dir='ltr'>gitter,</span> <span class='ocrx_word' id='word_1_392' title='bbox 1448 3355 1583 3430; x_wconf 82' lang='lat' dir='ltr'>Ductor</span> <span class='ocrx_word' id='word_1_393' title='bbox 1591 3395 1608 3440; x_wconf 80' lang='lat'>,=</span> <span class='ocrx_word' id='word_1_394' title='bbox 1626 3353 1771 3438; x_wconf 60' lang='lat' dir='ltr'>metor,</span> <span class='ocrx_word' id='word_1_395' title='bbox 1795 3358 1870 3430; x_wconf 86' lang='lat' dir='ltr'>sive</span> <span class='ocrx_word' id='word_1_396' title='bbox 1893 3359 2137 3439; x_wconf 83' lang='lat' dir='ltr'>Praedicator,</span> <span class='ocrx_word' id='word_1_397' title='bbox 2165 3353 2188 3422; x_wconf 85' lang='lat' dir='ltr'>sl</span> <span class='ocrx_word' id='word_1_398' title='bbox 2206 3351 2247 3416; x_wconf 69' lang='lat' dir='ltr'>bt</span> 
     </span>
     <span class='ocr_line' id='line_1_32' title="bbox 251 3447 2248 3570; baseline -0.018 -14"><span class='ocrx_word' id='word_1_399' title='bbox 251 3501 345 3556; x_wconf 88' lang='lat' dir='ltr'>stum</span> <span class='ocrx_word' id='word_1_400' title='bbox 359 3485 577 3570; x_wconf 89' lang='lat' dir='ltr'>sequuntur,</span> <span class='ocrx_word' id='word_1_401' title='bbox 599 3481 633 3536; x_wconf 91' lang='lat' dir='ltr'>et</span> <span class='ocrx_word' id='word_1_402' title='bbox 648 3489 724 3534; x_wconf 91' lang='lat' dir='ltr'>non</span> <span class='ocrx_word' id='word_1_403' title='bbox 739 3463 865 3532; x_wconf 89' lang='lat' dir='ltr'>volunt</span> <span class='ocrx_word' id='word_1_404' title='bbox 880 3465 1008 3531; x_wconf 89' lang='lat' dir='ltr'>docere</span> <span class='ocrx_word' id='word_1_405' title='bbox 1022 3459 1121 3528; x_wconf 91' lang='lat' dir='ltr'>aliud</span> <span class='ocrx_word' id='word_1_406' title='bbox 1137 3479 1244 3550; x_wconf 87' lang='lat' dir='ltr'>quam</span> <span class='ocrx_word' id='word_1_407' title='bbox 1296 3485 1384 3530; x_wconf 80' lang='lat' dir='ltr'>nram</span> <span class='ocrx_word' id='word_1_408' title='bbox 1398 3471 1490 3548; x_wconf 86' lang='lat' dir='ltr'>opus</span> <span class='ocrx_word' id='word_1_409' title='bbox 1505 3459 1700 3541; x_wconf 82' lang='lat' dir='ltr'>desiderat,</span> <span class='ocrx_word' id='word_1_410' title='bbox 1730 3460 1853 3546; x_wconf 85' lang='lat' dir='ltr'>idest,</span> <span class='ocrx_word' id='word_1_411' title='bbox 1877 3464 2117 3538; x_wconf 78' lang='lat' dir='ltr'>ministerium</span> <span class='ocrx_word' id='word_1_412' title='bbox 2139 3447 2248 3552; x_wconf 82' lang='lat' dir='ltr'>quaerit,</span> 
     </span>
     <span class='ocr_line' id='line_1_33' title="bbox 246 3549 2249 3662; baseline -0.018 -3"><span class='ocrx_word' id='word_1_413' title='bbox 246 3587 403 3662; x_wconf 72' lang='lat' dir='ltr'>verbnm</span> <span class='ocrx_word' id='word_1_414' title='bbox 429 3576 485 3647; x_wconf 87' lang='lat' dir='ltr'>tui</span> <span class='ocrx_word' id='word_1_415' title='bbox 506 3569 666 3659; x_wconf 78' lang='lat' dir='ltr'>magistri</span> <span class='ocrx_word' id='word_1_416' title='bbox 686 3561 829 3639; x_wconf 78' lang='lat' dir='ltr'>Christi.</span> <span class='ocrx_word' id='word_1_417' title='bbox 884 3559 979 3652; x_wconf 83' lang='lat' dir='ltr'>Quia</span> <span class='ocrx_word' id='word_1_418' title='bbox 1000 3557 1166 3632; x_wconf 86' lang='lat' dir='ltr'>Christus</span> <span class='ocrx_word' id='word_1_419' title='bbox 1181 3561 1246 3628; x_wconf 82' lang='lat' dir='ltr'>atl-</span> <span class='ocrx_word' id='word_1_420' title='bbox 1296 3575 1338 3634; x_wconf 88' lang='lat' dir='ltr'>ut</span> <span class='ocrx_word' id='word_1_421' title='bbox 1358 3555 1523 3632; x_wconf 87' lang='lat' dir='ltr'>Christus</span> <span class='ocrx_word' id='word_1_422' title='bbox 1545 3559 1651 3640; x_wconf 89' lang='lat' dir='ltr'>dicit,</span> <span class='ocrx_word' id='word_1_423' title='bbox 1676 3561 1723 3632; x_wconf 90' lang='lat' dir='ltr'>sit</span> <span class='ocrx_word' id='word_1_424' title='bbox 1742 3577 1857 3649; x_wconf 67' lang='lat' dir='ltr'>uester</span> <span class='ocrx_word' id='word_1_425' title='bbox 1879 3566 2057 3642; x_wconf 82' lang='lat' dir='ltr'>misrister.</span> <span class='ocrx_word' id='word_1_426' title='bbox 2107 3562 2191 3633; x_wconf 83' lang='lat' dir='ltr'>llaec</span> <span class='ocrx_word' id='word_1_427' title='bbox 2201 3549 2249 3622; x_wconf 83' lang='lat' dir='ltr'>diti</span> 
     </span>
     <span class='ocr_line' id='line_1_34' title="bbox 250 3649 2250 3760; baseline -0.017 -1"><span class='ocrx_word' id='word_1_428' title='bbox 250 3691 323 3760; x_wconf 82' lang='lat' dir='ltr'>dit:</span> <span class='ocrx_word' id='word_1_429' title='bbox 345 3673 626 3755; x_wconf 85' lang='lat' dir='ltr'>llnusestenim</span> <span class='ocrx_word' id='word_1_430' title='bbox 641 3667 941 3758; x_wconf 75' lang='lat' dir='ltr'>magistet-vester</span> <span class='ocrx_word' id='word_1_431' title='bbox 954 3659 1129 3734; x_wconf 88' lang='lat' dir='ltr'>Christus.</span> <span class='ocrx_word' id='word_1_432' title='bbox 1163 3661 1246 3732; x_wconf 87' lang='lat' dir='ltr'>Non</span> <span class='ocrx_word' id='word_1_433' title='bbox 1298 3663 1390 3748; x_wconf 90' lang='lat' dir='ltr'>illis,</span> <span class='ocrx_word' id='word_1_434' title='bbox 1422 3663 1486 3755; x_wconf 90' lang='lat' dir='ltr'>qui</span> <span class='ocrx_word' id='word_1_435' title='bbox 1518 3661 1696 3734; x_wconf 89' lang='lat' dir='ltr'>obiiciunt</span> <span class='ocrx_word' id='word_1_436' title='bbox 1728 3666 1833 3739; x_wconf 87' lang='lat' dir='ltr'>nohis</span> <span class='ocrx_word' id='word_1_437' title='bbox 1866 3667 1975 3740; x_wconf 86' lang='lat' dir='ltr'>illud:</span> <span class='ocrx_word' id='word_1_438' title='bbox 2021 3668 2139 3742; x_wconf 83' lang='lat' dir='ltr'>Nolite</span> <span class='ocrx_word' id='word_1_439' title='bbox 2168 3649 2250 3728; x_wconf 80' lang='lat' dir='ltr'>uocati</span> 
     </span>
     <span class='ocr_line' id='line_1_35' title="bbox 247 3755 2250 3862; baseline -0.014 0"><span class='ocrx_word' id='word_1_440' title='bbox 247 3784 439 3862; x_wconf 78' lang='lat' dir='ltr'>debentia</span> <span class='ocrx_word' id='word_1_441' title='bbox 454 3775 610 3848; x_wconf 72' lang='lat' dir='ltr'>Eotltda</span> <span class='ocrx_word' id='word_1_442' title='bbox 624 3775 750 3842; x_wconf 83' lang='lat' dir='ltr'>docere</span> <span class='ocrx_word' id='word_1_443' title='bbox 765 3767 826 3839; x_wconf 86' lang='lat' dir='ltr'>alii</span> <span class='ocrx_word' id='word_1_444' title='bbox 842 3766 1019 3856; x_wconf 80' lang='lat' dir='ltr'>magistri,</span> <span class='ocrx_word' id='word_1_445' title='bbox 1046 3765 1246 3834; x_wconf 58' lang='lat' dir='ltr'>alii-docto*</span> <span class='ocrx_word' id='word_1_446' title='bbox 1298 3764 1436 3838; x_wconf 87' lang='lat' dir='ltr'>Rabbi:</span> <span class='ocrx_word' id='word_1_447' title='bbox 1471 3787 1545 3832; x_wconf 91' lang='lat' dir='ltr'>non</span> <span class='ocrx_word' id='word_1_448' title='bbox 1579 3767 1801 3836; x_wconf 89' lang='lat' dir='ltr'>attendentes</span> <span class='ocrx_word' id='word_1_449' title='bbox 1831 3770 1981 3840; x_wconf 87' lang='lat' dir='ltr'>verbum</span> <span class='ocrx_word' id='word_1_450' title='bbox 2009 3767 2159 3848; x_wconf 81' lang='lat' dir='ltr'>Christi,</span> <span class='ocrx_word' id='word_1_451' title='bbox 2184 3755 2250 3852; x_wconf 73' lang='lat' dir='ltr'>qu⁰l</span> 
     </span>
     <span class='ocr_line' id='line_1_36' title="bbox 248 3862 2251 3974; baseline -0.013 -10"><span class='ocrx_word' id='word_1_452' title='bbox 248 3908 331 3971; x_wconf 71' lang='lat' dir='ltr'>res,</span> <span class='ocrx_word' id='word_1_453' title='bbox 365 3886 427 3956; x_wconf 91' lang='lat' dir='ltr'>alil</span> <span class='ocrx_word' id='word_1_454' title='bbox 452 3895 626 3974; x_wconf 75' lang='lat' dir='ltr'>paeones,</span> <span class='ocrx_word' id='word_1_455' title='bbox 659 3866 982 3949; x_wconf 79' lang='lat' dir='ltr'>estre-Christum,</span> <span class='ocrx_word' id='word_1_456' title='bbox 1017 3867 1114 3938; x_wconf 91' lang='lat' dir='ltr'>aliud</span> <span class='ocrx_word' id='word_1_457' title='bbox 1138 3891 1247 3961; x_wconf 86' lang='lat' dir='ltr'>quam</span> <span class='ocrx_word' id='word_1_458' title='bbox 1299 3867 1475 3962; x_wconf 89' lang='lat' dir='ltr'>sequitur:</span> <span class='ocrx_word' id='word_1_459' title='bbox 1506 3864 1604 3937; x_wconf 90' lang='lat' dir='ltr'>Unus</span> <span class='ocrx_word' id='word_1_460' title='bbox 1622 3879 1672 3935; x_wconf 87' lang='lat' dir='ltr'>est</span> <span class='ocrx_word' id='word_1_461' title='bbox 1689 3869 1784 3937; x_wconf 91' lang='lat' dir='ltr'>enim</span> <span class='ocrx_word' id='word_1_462' title='bbox 1803 3871 1969 3962; x_wconf 81' lang='lat' dir='ltr'>magister</span> <span class='ocrx_word' id='word_1_463' title='bbox 1987 3887 2101 3944; x_wconf 86' lang='lat' dir='ltr'>vester</span> <span class='ocrx_word' id='word_1_464' title='bbox 2118 3862 2251 3942; x_wconf 70' lang='lat' dir='ltr'>Chritlut</span> 
     </span>
     <span class='ocr_line' id='line_1_37' title="bbox 250 3967 2253 4069; baseline -0.019 -3"><span class='ocrx_word' id='word_1_465' title='bbox 250 3989 419 4066; x_wconf 81' lang='lat' dir='ltr'>Christus</span> <span class='ocrx_word' id='word_1_466' title='bbox 442 3991 563 4061; x_wconf 79' lang='lat' dir='ltr'>donet,</span> <span class='ocrx_word' id='word_1_467' title='bbox 593 3991 654 4046; x_wconf 90' lang='lat' dir='ltr'>aut</span> <span class='ocrx_word' id='word_1_468' title='bbox 676 3974 774 4044; x_wconf 89' lang='lat' dir='ltr'>aliud</span> <span class='ocrx_word' id='word_1_469' title='bbox 797 3971 1018 4040; x_wconf 81' lang='lat' dir='ltr'>adsalutem</span> <span class='ocrx_word' id='word_1_470' title='bbox 1049 3967 1248 4058; x_wconf 70' lang='lat' dir='ltr'>hornimera,</span> <span class='ocrx_word' id='word_1_471' title='bbox 1301 3969 1423 4062; x_wconf 87' lang='lat' dir='ltr'>Neque</span> <span class='ocrx_word' id='word_1_472' title='bbox 1441 3969 1560 4037; x_wconf 88' lang='lat' dir='ltr'>vident</span> <span class='ocrx_word' id='word_1_473' title='bbox 1584 3970 1733 4040; x_wconf 88' lang='lat' dir='ltr'>studiosi</span> <span class='ocrx_word' id='word_1_474' title='bbox 1750 3973 2009 4060; x_wconf 89' lang='lat' dir='ltr'>contentionis,</span> <span class='ocrx_word' id='word_1_475' title='bbox 2036 3974 2129 4069; x_wconf 91' lang='lat' dir='ltr'>quod</span> <span class='ocrx_word' id='word_1_476' title='bbox 2148 3983 2253 4060; x_wconf 84' lang='lat' dir='ltr'>praece-</span> 
     </span>
     <span class='ocr_line' id='line_1_38' title="bbox 250 4065 2254 4194; baseline -0.016 -28"><span class='ocrx_word' id='word_1_477' title='bbox 250 4115 364 4194; x_wconf 82' lang='lat' dir='ltr'>quam</span> <span class='ocrx_word' id='word_1_478' title='bbox 385 4088 503 4159; x_wconf 85' lang='lat' dir='ltr'>tolum</span> <span class='ocrx_word' id='word_1_479' title='bbox 517 4075 721 4156; x_wconf 85' lang='lat' dir='ltr'>Christum,</span> <span class='ocrx_word' id='word_1_480' title='bbox 748 4074 809 4166; x_wconf 90' lang='lat' dir='ltr'>qui</span> <span class='ocrx_word' id='word_1_481' title='bbox 828 4097 891 4166; x_wconf 92' lang='lat' dir='ltr'>pro</span> <span class='ocrx_word' id='word_1_482' title='bbox 916 4072 1021 4141; x_wconf 90' lang='lat' dir='ltr'>nobis</span> <span class='ocrx_word' id='word_1_483' title='bbox 1034 4071 1129 4163; x_wconf 81' lang='lat' dir='ltr'>patri</span> <span class='ocrx_word' id='word_1_484' title='bbox 1144 4069 1248 4140; x_wconf 86' lang='lat' dir='ltr'>victi-</span> <span class='ocrx_word' id='word_1_485' title='bbox 1301 4075 1355 4144; x_wconf 88' lang='lat' dir='ltr'>dit</span> <span class='ocrx_word' id='word_1_486' title='bbox 1376 4073 1414 4139; x_wconf 91' lang='lat' dir='ltr'>in</span> <span class='ocrx_word' id='word_1_487' title='bbox 1432 4072 1548 4141; x_wconf 89' lang='lat' dir='ltr'>verbis</span> <span class='ocrx_word' id='word_1_488' title='bbox 1563 4065 1712 4143; x_wconf 90' lang='lat' dir='ltr'>Christi:</span> <span class='ocrx_word' id='word_1_489' title='bbox 1739 4071 1857 4144; x_wconf 88' lang='lat' dir='ltr'>Nolite</span> <span class='ocrx_word' id='word_1_490' title='bbox 1878 4076 2037 4171; x_wconf 87' lang='lat' dir='ltr'>aliquem</span> <span class='ocrx_word' id='word_1_491' title='bbox 2056 4075 2254 4148; x_wconf 80' lang='lat' dir='ltr'>vohisvocatt</span> 
     </span>
    </p>

    <p class='ocr_par' dir='ltr' id='par_1_8' title="bbox 94 4172 2256 4694">
     <span class='ocr_line' id='line_1_39' title="bbox 94 4172 2255 4268; baseline -0.013 3"><span class='ocrx_word' id='word_1_492' title='bbox 94 4205 97 4214; x_wconf 81' lang='grc'>’</span> <span class='ocrx_word' id='word_1_493' title='bbox 212 4241 218 4250; x_wconf 89' lang='grc'>-</span> <span class='ocrx_word' id='word_1_494' title='bbox 250 4217 316 4268; x_wconf 78' lang='lat' dir='ltr'>maa</span> <span class='ocrx_word' id='word_1_495' title='bbox 339 4196 452 4263; x_wconf 86' lang='lat' dir='ltr'>taetus</span> <span class='ocrx_word' id='word_1_496' title='bbox 472 4199 535 4257; x_wconf 70' lang='lat' dir='ltr'>ast.</span> <span class='ocrx_word' id='word_1_497' title='bbox 593 4179 701 4252; x_wconf 77' lang='lat' dir='ltr'>sotus</span> <span class='ocrx_word' id='word_1_498' title='bbox 722 4172 886 4250; x_wconf 86' lang='lat' dir='ltr'>Christus</span> <span class='ocrx_word' id='word_1_499' title='bbox 912 4188 965 4245; x_wconf 87' lang='lat' dir='ltr'>est</span> <span class='ocrx_word' id='word_1_500' title='bbox 986 4175 1188 4244; x_wconf 86' lang='lat' dir='ltr'>audiendus</span> <span class='ocrx_word' id='word_1_501' title='bbox 1211 4173 1249 4240; x_wconf 88' lang='lat' dir='ltr'>in</span> <span class='ocrx_word' id='word_1_502' title='bbox 1301 4189 1436 4265; x_wconf 84' lang='lat' dir='ltr'>patrem</span> <span class='ocrx_word' id='word_1_503' title='bbox 1459 4189 1737 4264; x_wconf 85' lang='lat' dir='ltr'>superterram,</span> <span class='ocrx_word' id='word_1_504' title='bbox 1763 4173 1864 4245; x_wconf 89' lang='lat' dir='ltr'>Unus</span> <span class='ocrx_word' id='word_1_505' title='bbox 1887 4175 2255 4248; x_wconf 79' lang='lat' dir='ltr'>estenimt’aarasta</span> 
     </span>
     <span class='ocr_line' id='line_1_40' title="bbox 251 4259 2256 4375; baseline -0.018 -5"><span class='ocrx_word' id='word_1_506' title='bbox 251 4296 438 4375; x_wconf 78' lang='lat' dir='ltr'>Ecclesia,</span> <span class='ocrx_word' id='word_1_507' title='bbox 463 4302 497 4358; x_wconf 89' lang='lat' dir='ltr'>et</span> <span class='ocrx_word' id='word_1_508' title='bbox 520 4305 595 4356; x_wconf 86' lang='lat' dir='ltr'>non</span> <span class='ocrx_word' id='word_1_509' title='bbox 615 4280 679 4350; x_wconf 89' lang='lat' dir='ltr'>alii</span> <span class='ocrx_word' id='word_1_510' title='bbox 702 4278 877 4368; x_wconf 68' lang='lat' dir='ltr'>magistri,</span> <span class='ocrx_word' id='word_1_511' title='bbox 903 4276 966 4369; x_wconf 89' lang='lat' dir='ltr'>qui</span> <span class='ocrx_word' id='word_1_512' title='bbox 986 4275 1086 4346; x_wconf 88' lang='lat' dir='ltr'>aliud</span> <span class='ocrx_word' id='word_1_513' title='bbox 1109 4277 1251 4359; x_wconf 86' lang='lat' dir='ltr'>docent,</span> <span class='ocrx_word' id='word_1_514' title='bbox 1302 4277 1341 4348; x_wconf 89' lang='lat' dir='ltr'>in</span> <span class='ocrx_word' id='word_1_515' title='bbox 1365 4275 1475 4346; x_wconf 86' lang='lat' dir='ltr'>coelo.</span> <span class='ocrx_word' id='word_1_516' title='bbox 1526 4275 1665 4346; x_wconf 88' lang='lat' dir='ltr'>Stultus</span> <span class='ocrx_word' id='word_1_517' title='bbox 1686 4259 1746 4345; x_wconf 81' lang='lat' dir='ltr'>hic&#39;</span> <span class='ocrx_word' id='word_1_518' title='bbox 1769 4277 1895 4362; x_wconf 85' lang='lat' dir='ltr'>suecis,</span> <span class='ocrx_word' id='word_1_519' title='bbox 1920 4281 1951 4350; x_wconf 87' lang='lat' dir='ltr'>si</span> <span class='ocrx_word' id='word_1_520' title='bbox 1975 4307 2018 4354; x_wconf 84' lang='lat' dir='ltr'>ex</span> <span class='ocrx_word' id='word_1_521' title='bbox 2038 4282 2142 4351; x_wconf 85' lang='lat' dir='ltr'>verbo</span> <span class='ocrx_word' id='word_1_522' title='bbox 2157 4261 2256 4345; x_wconf 86' lang='lat' dir='ltr'>Christi</span> 
     </span>
     <span class='ocr_line' id='line_1_41' title="bbox 257 4375 2255 4496; baseline -0.016 -26"><span class='ocrx_word' id='word_1_523' title='bbox 257 4391 558 4496; x_wconf 83' lang='lat' dir='ltr'>quemadmodum</span> <span class='ocrx_word' id='word_1_524' title='bbox 582 4385 656 4475; x_wconf 90' lang='lat' dir='ltr'>ipse</span> <span class='ocrx_word' id='word_1_525' title='bbox 671 4381 774 4451; x_wconf 86' lang='lat' dir='ltr'>dicit:</span> <span class='ocrx_word' id='word_1_526' title='bbox 802 4377 876 4468; x_wconf 88' lang='lat' dir='ltr'>Qui</span> <span class='ocrx_word' id='word_1_527' title='bbox 888 4395 952 4448; x_wconf 82' lang='lat' dir='ltr'>sos</span> <span class='ocrx_word' id='word_1_528' title='bbox 969 4378 1089 4461; x_wconf 88' lang='lat' dir='ltr'>audit,</span> <span class='ocrx_word' id='word_1_529' title='bbox 1113 4401 1251 4448; x_wconf 77' lang='lat' dir='ltr'>neau-</span> <span class='ocrx_word' id='word_1_530' title='bbox 1302 4375 1453 4463; x_wconf 82' lang='lat' dir='ltr'>dixeris,</span> <span class='ocrx_word' id='word_1_531' title='bbox 1485 4393 1618 4468; x_wconf 83' lang='lat' dir='ltr'>patrem</span> <span class='ocrx_word' id='word_1_532' title='bbox 1641 4378 1704 4472; x_wconf 90' lang='lat' dir='ltr'>qui</span> <span class='ocrx_word' id='word_1_533' title='bbox 1732 4393 1765 4450; x_wconf 88' lang='lat' dir='ltr'>te</span> <span class='ocrx_word' id='word_1_534' title='bbox 1793 4381 1934 4469; x_wconf 71' lang='lat' dir='ltr'>genusii,</span> <span class='ocrx_word' id='word_1_535' title='bbox 1967 4407 2045 4454; x_wconf 90' lang='lat' dir='ltr'>non</span> <span class='ocrx_word' id='word_1_536' title='bbox 2069 4406 2138 4452; x_wconf 85' lang='lat' dir='ltr'>esse</span> <span class='ocrx_word' id='word_1_537' title='bbox 2158 4383 2255 4468; x_wconf 83' lang='lat' dir='ltr'>patrea</span> 
     </span>
     <span class='ocr_line' id='line_1_42' title="bbox 259 4475 2256 4584; baseline -0.014 -10"><span class='ocrx_word' id='word_1_538' title='bbox 259 4505 325 4574; x_wconf 86' lang='lat' dir='ltr'>dit.</span> <span class='ocrx_word' id='word_1_539' title='bbox 382 4495 442 4568; x_wconf 83' lang='lat' dir='ltr'>Sic</span> <span class='ocrx_word' id='word_1_540' title='bbox 468 4489 673 4584; x_wconf 75' lang='lat' dir='ltr'>praedicant</span> <span class='ocrx_word' id='word_1_541' title='bbox 698 4483 881 4574; x_wconf 80' lang='lat' dir='ltr'>Apostoli,</span> <span class='ocrx_word' id='word_1_542' title='bbox 920 4495 1062 4551; x_wconf 89' lang='lat' dir='ltr'>utnon</span> <span class='ocrx_word' id='word_1_543' title='bbox 1087 4476 1252 4552; x_wconf 88' lang='lat' dir='ltr'>homines</span> <span class='ocrx_word' id='word_1_544' title='bbox 1302 4495 1422 4551; x_wconf 91' lang='lat' dir='ltr'>tuum:</span> <span class='ocrx_word' id='word_1_545' title='bbox 1448 4481 1530 4574; x_wconf 86' lang='lat' dir='ltr'>quia</span> <span class='ocrx_word' id='word_1_546' title='bbox 1558 4475 1624 4548; x_wconf 91' lang='lat' dir='ltr'>hoc</span> <span class='ocrx_word' id='word_1_547' title='bbox 1646 4493 1698 4550; x_wconf 90' lang='lat' dir='ltr'>est</span> <span class='ocrx_word' id='word_1_548' title='bbox 1720 4483 1905 4555; x_wconf 85' lang='lat' dir='ltr'>manifeste</span> <span class='ocrx_word' id='word_1_549' title='bbox 1926 4501 2051 4556; x_wconf 86' lang='lat' dir='ltr'>eontra</span> <span class='ocrx_word' id='word_1_550' title='bbox 2073 4487 2256 4578; x_wconf 74' lang='lat' dir='ltr'>praeceptat1¹</span> 
     </span>
     <span class='ocr_line' id='line_1_43' title="bbox 255 4579 1941 4694; baseline -0.01 -22"><span class='ocrx_word' id='word_1_551' title='bbox 255 4597 418 4694; x_wconf 83' lang='lat' dir='ltr'>magistri</span> <span class='ocrx_word' id='word_1_552' title='bbox 435 4592 644 4672; x_wconf 86' lang='lat' dir='ltr'>audiantur,</span> <span class='ocrx_word' id='word_1_553' title='bbox 668 4588 729 4654; x_wconf 85' lang='lat' dir='ltr'>scd</span> <span class='ocrx_word' id='word_1_554' title='bbox 745 4585 910 4654; x_wconf 86' lang='lat' dir='ltr'>audiatur</span> <span class='ocrx_word' id='word_1_555' title='bbox 925 4583 965 4651; x_wconf 90' lang='lat' dir='ltr'>in</span> <span class='ocrx_word' id='word_1_556' title='bbox 980 4583 1031 4652; x_wconf 86' lang='lat' dir='ltr'>eis</span> <span class='ocrx_word' id='word_1_557' title='bbox 1046 4582 1108 4650; x_wconf 90' lang='lat' dir='ltr'>ille</span> <span class='ocrx_word' id='word_1_558' title='bbox 1124 4583 1252 4652; x_wconf 87' lang='lat' dir='ltr'>unicus</span> <span class='ocrx_word' id='word_1_559' title='bbox 1302 4579 1388 4652; x_wconf 87' lang='lat' dir='ltr'>Dei:</span> <span class='ocrx_word' id='word_1_560' title='bbox 1414 4579 1562 4652; x_wconf 86' lang='lat' dir='ltr'>Honora</span> <span class='ocrx_word' id='word_1_561' title='bbox 1581 4593 1714 4676; x_wconf 88' lang='lat' dir='ltr'>patrem</span> <span class='ocrx_word' id='word_1_562' title='bbox 1731 4597 1850 4670; x_wconf 90' lang='lat' dir='ltr'>tuum,</span> <span class='ocrx_word' id='word_1_563' title='bbox 1874 4601 1941 4660; x_wconf 88' lang='lat' dir='ltr'>etc.</span> 
     </span>
    </p>

    <p class='ocr_par' dir='ltr' id='par_1_9' title="bbox 101 4679 2261 5500">
     <span class='ocr_line' id='line_1_44' title="bbox 101 4679 2256 4796; baseline -0.015 -16"><span class='ocrx_word' id='word_1_564' title='bbox 101 4741 107 4748; x_wconf 95' lang='lat'><strong>·</strong></span> <span class='ocrx_word' id='word_1_565' title='bbox 256 4691 622 4796; x_wconf 78' lang='lat' dir='ltr'>rrtagisterChristus.</span> <span class='ocrx_word' id='word_1_566' title='bbox 675 4685 771 4756; x_wconf 73' lang='lat' dir='ltr'>Hice</span> <span class='ocrx_word' id='word_1_567' title='bbox 791 4701 842 4756; x_wconf 84' lang='lat' dir='ltr'>ast</span> <span class='ocrx_word' id='word_1_568' title='bbox 864 4684 978 4773; x_wconf 70' lang='lat' dir='ltr'>gloria</span> <span class='ocrx_word' id='word_1_569' title='bbox 993 4679 1171 4753; x_wconf 82' lang='lat' dir='ltr'>Ecclesiae</span> <span class='ocrx_word' id='word_1_570' title='bbox 1185 4683 1251 4754; x_wconf 88' lang='lat' dir='ltr'>Dei</span> <span class='ocrx_word' id='word_1_571' title='bbox 1407 4681 1507 4773; x_wconf 85' lang='lat' dir='ltr'>Quid</span> <span class='ocrx_word' id='word_1_572' title='bbox 1529 4707 1619 4778; x_wconf 89' lang='lat' dir='ltr'>opus</span> <span class='ocrx_word' id='word_1_573' title='bbox 1642 4699 1692 4757; x_wconf 86' lang='lat' dir='ltr'>est</span> <span class='ocrx_word' id='word_1_574' title='bbox 1712 4687 1879 4778; x_wconf 83' lang='lat' dir='ltr'>pluribus</span> <span class='ocrx_word' id='word_1_575' title='bbox 1897 4689 2017 4759; x_wconf 90' lang='lat' dir='ltr'>verbis</span> <span class='ocrx_word' id='word_1_576' title='bbox 2035 4690 2073 4758; x_wconf 90' lang='lat' dir='ltr'>in</span> <span class='ocrx_word' id='word_1_577' title='bbox 2091 4685 2256 4758; x_wconf 78' lang='lat' dir='ltr'>hacretam</span> 
     </span>
     <span class='ocr_line' id='line_1_45' title="bbox 260 4778 2257 4896; baseline -0.012 -20"><span class='ocrx_word' id='word_1_578' title='bbox 260 4829 368 4896; x_wconf 84' lang='lat' dir='ltr'>super</span> <span class='ocrx_word' id='word_1_579' title='bbox 399 4818 549 4874; x_wconf 88' lang='lat' dir='ltr'>terram,</span> <span class='ocrx_word' id='word_1_580' title='bbox 585 4795 680 4886; x_wconf 87' lang='lat' dir='ltr'>quud</span> <span class='ocrx_word' id='word_1_581' title='bbox 708 4790 825 4881; x_wconf 84' lang='lat' dir='ltr'>ipsunt</span> <span class='ocrx_word' id='word_1_582' title='bbox 850 4781 1034 4857; x_wconf 87' lang='lat' dir='ltr'>Christum</span> <span class='ocrx_word' id='word_1_583' title='bbox 1055 4783 1253 4856; x_wconf 87' lang='lat' dir='ltr'>Dominum</span> <span class='ocrx_word' id='word_1_584' title='bbox 1304 4787 1514 4858; x_wconf 78' lang='lat' dir='ltr'>manifesta?</span> <span class='ocrx_word' id='word_1_585' title='bbox 1544 4783 1642 4858; x_wconf 88' lang='lat' dir='ltr'>Deus</span> <span class='ocrx_word' id='word_1_586' title='bbox 1659 4789 1751 4878; x_wconf 90' lang='lat' dir='ltr'>ipse,</span> <span class='ocrx_word' id='word_1_587' title='bbox 1771 4778 2148 4885; x_wconf 78' lang='lat' dir='ltr'>&#39;utaprincipiodixi‚</span> <span class='ocrx_word' id='word_1_588' title='bbox 2171 4795 2257 4855; x_wconf 79' lang='lat' dir='ltr'>esua·</span> 
     </span>
     <span class='ocr_line' id='line_1_46' title="bbox 260 4885 2259 5001; baseline -0.011 -24"><span class='ocrx_word' id='word_1_589' title='bbox 260 4909 412 5001; x_wconf 77' lang='lat' dir='ltr'>gloriae,</span> <span class='ocrx_word' id='word_1_590' title='bbox 433 4899 496 4993; x_wconf 89' lang='lat' dir='ltr'>qui</span> <span class='ocrx_word' id='word_1_591' title='bbox 520 4898 617 4969; x_wconf 84' lang='lat' dir='ltr'>sedet</span> <span class='ocrx_word' id='word_1_592' title='bbox 636 4895 879 4962; x_wconf 76' lang='lat' dir='ltr'>aad-dexteram</span> <span class='ocrx_word' id='word_1_593' title='bbox 896 4885 1030 4971; x_wconf 76' lang='lat' dir='ltr'>Petris,</span> <span class='ocrx_word' id='word_1_594' title='bbox 1045 4887 1156 4959; x_wconf 71' lang='lat' dir='ltr'>⁸rendit</span> <span class='ocrx_word' id='word_1_595' title='bbox 1172 4888 1254 4958; x_wconf 56' lang='lat' dir='ltr'>Mas</span> <span class='ocrx_word' id='word_1_596' title='bbox 1300 4891 1359 4961; x_wconf 87' lang='lat' dir='ltr'>dit</span> <span class='ocrx_word' id='word_1_597' title='bbox 1373 4890 1459 4961; x_wconf 85' lang='lat' dir='ltr'>tales</span> <span class='ocrx_word' id='word_1_598' title='bbox 1477 4891 1656 4983; x_wconf 81' lang='lat' dir='ltr'>operarios</span> <span class='ocrx_word' id='word_1_599' title='bbox 1671 4890 1710 4958; x_wconf 90' lang='lat' dir='ltr'>in</span> <span class='ocrx_word' id='word_1_600' title='bbox 1724 4909 2009 4980; x_wconf 65' lang='lat' dir='ltr'>sursumsunt,</span> <span class='ocrx_word' id='word_1_601' title='bbox 2034 4895 2106 4964; x_wconf 76' lang='lat' dir='ltr'>sire</span> <span class='ocrx_word' id='word_1_602' title='bbox 2125 4889 2259 4962; x_wconf 73' lang='lat' dir='ltr'>uoluta</span> 
     </span>
     <span class='ocr_line' id='line_1_47' title="bbox 261 4985 2259 5103; baseline -0.009 -22"><span class='ocrx_word' id='word_1_603' title='bbox 261 5014 411 5103; x_wconf 73' lang='lat' dir='ltr'>gistrum</span> <span class='ocrx_word' id='word_1_604' title='bbox 436 5005 469 5072; x_wconf 86' lang='lat' dir='ltr'>et</span> <span class='ocrx_word' id='word_1_605' title='bbox 488 4997 677 5069; x_wconf 87' lang='lat' dir='ltr'>Ductorem</span> <span class='ocrx_word' id='word_1_606' title='bbox 699 4996 738 5061; x_wconf 89' lang='lat' dir='ltr'>iu</span> <span class='ocrx_word' id='word_1_607' title='bbox 755 4989 886 5060; x_wconf 74' lang='lat' dir='ltr'>sarsdis</span> <span class='ocrx_word' id='word_1_608' title='bbox 905 4987 979 5060; x_wconf 85' lang='lat' dir='ltr'>suis</span> <span class='ocrx_word' id='word_1_609' title='bbox 1001 4991 1254 5080; x_wconf 78' lang='lat' dir='ltr'>praedicatori·</span> <span class='ocrx_word' id='word_1_610' title='bbox 1303 5007 1346 5063; x_wconf 89' lang='lat' dir='ltr'>ut</span> <span class='ocrx_word' id='word_1_611' title='bbox 1369 4990 1572 5062; x_wconf 79' lang='lat' dir='ltr'>lsremiam:</span> <span class='ocrx_word' id='word_1_612' title='bbox 1605 4994 1680 5062; x_wconf 82' lang='lat' dir='ltr'>sire</span> <span class='ocrx_word' id='word_1_613' title='bbox 1704 4993 1862 5063; x_wconf 82' lang='lat' dir='ltr'>volentes</span> <span class='ocrx_word' id='word_1_614' title='bbox 1881 5001 1920 5067; x_wconf 87' lang='lat' dir='ltr'>et</span> <span class='ocrx_word' id='word_1_615' title='bbox 1945 4985 2259 5087; x_wconf 61' lang='lat' dir='ltr'>postulantesque</span> 
     </span>
     <span class='ocr_line' id='line_1_48' title="bbox 255 5085 2260 5193; baseline -0.009 -10"><span class='ocrx_word' id='word_1_616' title='bbox 255 5101 625 5183; x_wconf 72' lang='lat' dir='ltr'>macedonenses,</span> <span class='ocrx_word' id='word_1_617' title='bbox 650 5093 937 5188; x_wconf 84' lang='lat' dir='ltr'>quintlioiumet</span> <span class='ocrx_word' id='word_1_618' title='bbox 960 5089 1120 5161; x_wconf 78' lang='lat' dir='ltr'>lalsosetu</span> <span class='ocrx_word' id='word_1_619' title='bbox 1144 5093 1255 5162; x_wconf 78' lang='lat' dir='ltr'>susci·</span> <span class='ocrx_word' id='word_1_620' title='bbox 1303 5093 1413 5164; x_wconf 76' lang='lat' dir='ltr'>etiam</span> <span class='ocrx_word' id='word_1_621' title='bbox 1441 5096 1488 5163; x_wconf 84' lang='lat' dir='ltr'>ad</span> <span class='ocrx_word' id='word_1_622' title='bbox 1518 5090 1586 5165; x_wconf 81' lang='lat' dir='ltr'>hee</span> <span class='ocrx_word' id='word_1_623' title='bbox 1616 5085 1688 5183; x_wconf 77' lang='lat' dir='ltr'>agit</span> <span class='ocrx_word' id='word_1_624' title='bbox 1710 5092 1867 5185; x_wconf 77' lang='lat' dir='ltr'>Spiritus</span> <span class='ocrx_word' id='word_1_625' title='bbox 1889 5094 2060 5193; x_wconf 88' lang='lat' dir='ltr'>Domini)</span> <span class='ocrx_word' id='word_1_626' title='bbox 2086 5111 2123 5171; x_wconf 88' lang='lat' dir='ltr'>ut</span> <span class='ocrx_word' id='word_1_627' title='bbox 2142 5087 2260 5164; x_wconf 62' lang='lat' dir='ltr'>&amp;aaa</span> 
     </span>
     <span class='ocr_line' id='line_1_49' title="bbox 261 5184 2260 5307; baseline -0.013 -24"><span class='ocrx_word' id='word_1_628' title='bbox 261 5219 418 5307; x_wconf 72' lang='lat' dir='ltr'>pientes,</span> <span class='ocrx_word' id='word_1_629' title='bbox 452 5207 544 5274; x_wconf 72' lang='lat' dir='ltr'>itaut</span> <span class='ocrx_word' id='word_1_630' title='bbox 571 5221 646 5268; x_wconf 91' lang='lat' dir='ltr'>non</span> <span class='ocrx_word' id='word_1_631' title='bbox 669 5195 807 5265; x_wconf 84' lang='lat' dir='ltr'>domini</span> <span class='ocrx_word' id='word_1_632' title='bbox 832 5192 964 5276; x_wconf 76' lang='lat' dir='ltr'>nestri,</span> <span class='ocrx_word' id='word_1_633' title='bbox 991 5197 1066 5263; x_wconf 80' lang='lat' dir='ltr'>set:</span> <span class='ocrx_word' id='word_1_634' title='bbox 1085 5194 1256 5280; x_wconf 77' lang='lat' dir='ltr'>ministri,</span> <span class='ocrx_word' id='word_1_635' title='bbox 1303 5197 1609 5289; x_wconf 80' lang='lat' dir='ltr'>quemadmodum</span> <span class='ocrx_word' id='word_1_636' title='bbox 1640 5192 1701 5266; x_wconf 89' lang='lat' dir='ltr'>hic</span> <span class='ocrx_word' id='word_1_637' title='bbox 1738 5193 1906 5287; x_wconf 71' lang='lat' dir='ltr'>Magister</span> <span class='ocrx_word' id='word_1_638' title='bbox 1928 5193 2118 5270; x_wconf 75' lang='lat' dir='ltr'>Melcds&#39;or</span> <span class='ocrx_word' id='word_1_639' title='bbox 2141 5184 2260 5285; x_wconf 82' lang='lat' dir='ltr'>pastdst</span> 
     </span>
     <span class='ocr_line' id='line_1_50' title="bbox 254 5287 2261 5411; baseline -0.012 -26"><span class='ocrx_word' id='word_1_640' title='bbox 254 5303 562 5411; x_wconf 68' lang='lat' dir='ltr'>quaemadmodum</span> <span class='ocrx_word' id='word_1_641' title='bbox 584 5297 750 5375; x_wconf 87' lang='lat' dir='ltr'>Christus</span> <span class='ocrx_word' id='word_1_642' title='bbox 773 5296 890 5365; x_wconf 70' lang='lat' dir='ltr'>addita</span> <span class='ocrx_word' id='word_1_643' title='bbox 925 5293 1044 5366; x_wconf 83' lang='lat' dir='ltr'>Maior</span> <span class='ocrx_word' id='word_1_644' title='bbox 1063 5296 1162 5366; x_wconf 80' lang='lat' dir='ltr'>inter</span> <span class='ocrx_word' id='word_1_645' title='bbox 1181 5321 1256 5381; x_wconf 77' lang='lat' dir='ltr'>sos,</span> <span class='ocrx_word' id='word_1_646' title='bbox 1303 5322 1327 5366; x_wconf 84' lang='lat' dir='ltr'>a</span> <span class='ocrx_word' id='word_1_647' title='bbox 1346 5299 1454 5370; x_wconf 71' lang='lat' dir='ltr'>mnis</span> <span class='ocrx_word' id='word_1_648' title='bbox 1476 5300 1622 5369; x_wconf 71' lang='lat' dir='ltr'>titulum</span> <span class='ocrx_word' id='word_1_649' title='bbox 1648 5313 1686 5371; x_wconf 84' lang='lat' dir='ltr'>et</span> <span class='ocrx_word' id='word_1_650' title='bbox 1712 5301 1862 5387; x_wconf 61' lang='lat' dir='ltr'>madum</span> <span class='ocrx_word' id='word_1_651' title='bbox 1881 5298 2049 5372; x_wconf 88' lang='lat' dir='ltr'>Docturis</span> <span class='ocrx_word' id='word_1_652' title='bbox 2073 5287 2261 5378; x_wconf 65' lang='lat' dir='ltr'>Thestoris</span> 
     </span>
     <span class='ocr_line' id='line_1_51' title="bbox 261 5385 2261 5500; baseline -0.01 -12"><span class='ocrx_word' id='word_1_653' title='bbox 261 5423 305 5488; x_wconf 86' lang='lat' dir='ltr'>stt</span> <span class='ocrx_word' id='word_1_654' title='bbox 325 5432 438 5484; x_wconf 74' lang='lat' dir='ltr'>aester</span> <span class='ocrx_word' id='word_1_655' title='bbox 455 5407 627 5475; x_wconf 70' lang='lat' dir='ltr'>rrsinister.</span> <span class='ocrx_word' id='word_1_656' title='bbox 662 5399 734 5488; x_wconf 84' lang='lat' dir='ltr'>Qui</span> <span class='ocrx_word' id='word_1_657' title='bbox 750 5399 844 5467; x_wconf 89' lang='lat' dir='ltr'>enim</span> <span class='ocrx_word' id='word_1_658' title='bbox 860 5396 1018 5488; x_wconf 85' lang='lat' dir='ltr'>seipsum</span> <span class='ocrx_word' id='word_1_659' title='bbox 1033 5399 1174 5477; x_wconf 76' lang='lat' dir='ltr'>ualtst,</span> <span class='ocrx_word' id='word_1_660' title='bbox 1189 5401 1255 5470; x_wconf 80' lang='lat' dir='ltr'>stc.</span> <span class='ocrx_word' id='word_1_661' title='bbox 1305 5417 1399 5471; x_wconf 82' lang='lat' dir='ltr'>rests</span> <span class='ocrx_word' id='word_1_662' title='bbox 1421 5401 1519 5472; x_wconf 84' lang='lat' dir='ltr'>fauit:</span> <span class='ocrx_word' id='word_1_663' title='bbox 1544 5401 1729 5496; x_wconf 84' lang='lat' dir='ltr'>quianon</span> <span class='ocrx_word' id='word_1_664' title='bbox 1753 5401 1869 5473; x_wconf 89' lang='lat' dir='ltr'>solum</span> <span class='ocrx_word' id='word_1_665' title='bbox 1893 5427 2029 5498; x_wconf 76' lang='lat' dir='ltr'>namen</span> <span class='ocrx_word' id='word_1_666' title='bbox 2051 5398 2194 5500; x_wconf 78' lang='lat' dir='ltr'>quaerit,</span> <span class='ocrx_word' id='word_1_667' title='bbox 2217 5385 2261 5461; x_wconf 69' lang='lat' dir='ltr'>sti</span> 
     </span>
    </p>
   </div>
   <div class='ocr_carea' id='block_1_3' title="bbox 0 0 2359 6178">
    <p class='ocr_par' dir='ltr' id='par_1_10' title="bbox 0 0 2359 6178">
     <span class='ocr_line' id='line_1_52' title="bbox 0 0 2359 6178; baseline 0 0"><span class='ocrx_word' id='word_1_668' title='bbox 0 0 2359 6178; x_wconf 95' lang='lat' dir='ltr'> </span> 
     </span>
    </p>
   </div>
  </div>
 </body>
</html>
