4652 6178
67 267 143 343 749
280 341 285 352 ,
629 371 632 378 Ι
660 263 1089 361 Quausnlouus
1120 263 1516 344 ACADEMICAE.
2030 263 2108 342 76⁰

67 442 312 538 partirentur,
348 437 414 512 etsi
437 439 526 536 quid
553 442 688 513 deesset
719 465 739 514 a
764 443 901 536 periodi
936 441 1062 514 solaris
1084 456 1088 565 q
1110 455 1231 513 centos
1246 441 1671 540 sexagintaquinquedies
1685 443 1910 516 extendatur.
1943 439 2017 514 Nec
2034 443 2101 513 du-

68 545 302 640 perlectione,
325 544 420 636 quod
449 543 593 615 collatio
614 546 842 628 ostendebat,
870 547 1061 640 explerent.
1084 602 1087 655 Ι
1109 545 1207 631 bito,
1234 540 1343 617 huius
1360 547 1447 618 anni
1464 547 1770 632 observationem,
1795 567 1918 628 usum,
1941 548 2101 641 adeoque

66 647 167 720 Hinc
183 647 278 740 apud
295 659 417 734 gentes
434 645 602 741 reliquas,
629 647 759 742 quibus
777 649 816 718 in
832 673 900 721 usu
914 651 1062 721 luerunt
1109 661 1220 720 totam
1236 649 1413 720 rationem
1436 675 1455 720 a
1471 651 1596 744 primis
1612 649 1730 743 primo
1748 673 1909 720 mansne
1922 647 2100 734 Patribus,

65 751 233 823 Lunares
253 749 361 834 anni,
396 750 537 820 diemm
562 749 839 826 catalanensis
860 747 924 824 καὶ
945 747 1060 848 sinep-
1109 765 1144 822 et
1167 751 1327 844 exemplo
1347 749 1495 823 Patmm
1523 755 1569 824 ab
1595 751 1789 824 artificibus
1812 764 1934 846 postea
1970 774 2099 842 magna

65 852 290 952 βαινουσιόν
306 851 420 940 origo.
472 845 636 924 Omnino
653 853 765 944 igitur
776 855 952 926 rationem
973 855 1060 925 anni
1109 879 1192 924 cura
1211 877 1350 947 semper
1365 869 1608 926 conservatam
1626 855 1756 942 fuisse,
1781 869 1821 926 ut
1836 855 1928 924 veris
1945 869 1979 927 et
1997 854 2097 926 iustis

67 957 200 1027 veteris
214 956 254 1024 in
268 953 403 1048 populo
417 949 487 1024 Dei
509 979 551 1026 ex
566 957 753 1051 utriusque
776 957 926 1028 luminis
945 957 1060 1028 corsi·
1109 957 1237 1050 spaciis
1266 957 1374 1027 series
1395 971 1596 1051 temporum
1623 959 1736 1028 divisa
1772 971 2029 1050 propagaretur
2053 959 2098 1026 sd

66 1063 137 1131 bus
153 1060 342 1130 deductam
360 1056 487 1144 luisse,
513 1071 621 1153 atque
635 1059 867 1152 compositam
885 1060 1059 1146 existimo,
1108 1074 1284 1150 posteros,
1318 1054 1591 1131 Astronomicae
1614 1061 1797 1134 doctrinae
1818 1083 1941 1146 causa,
1966 1059 2024 1131 cui
2052 1061 2096 1130 ad

67 1165 117 1234 ita
135 1175 177 1232 nt
193 1183 398 1256 quanquam
416 1181 555 1232 menses
571 1164 616 1232 dc
629 1160 755 1234 Lunae
778 1163 1059 1235 indicationibus
1108 1161 1397 1232 observationum
1419 1163 1666 1250 collationem,
1691 1165 1861 1258 (quarum
1886 1161 2098 1234 certitudine

67 1263 343 1348 distribuerint,
375 1262 543 1356 periodos
576 1277 697 1336 tamen
720 1266 874 1355 integras
901 1266 987 1336 solis
1012 1267 1057 1336 ad
1106 1263 1238 1336 veritas
1254 1266 1438 1336 doetrinae
1454 1263 1599 1359 nititur)
1609 1265 1781 1362 exquisita
1795 1285 1973 1336 annorum
1993 1287 2096 1357 prae-

67 1365 285 1462 acquinoetii
301 1377 474 1459 punctum
492 1366 628 1453 reditu,
644 1367 865 1456 definierint,
882 1381 916 1439 et
931 1391 1058 1438 secun·
1106 1369 1293 1438 teritorum
1310 1367 1486 1438 dimensio
1509 1371 1662 1439 maxime
1677 1369 1871 1440 necessaria
1892 1381 1955 1440 est.
2007 1365 2098 1440 Cae-

67 1473 156 1544 dum
180 1463 425 1562 basperiodos
445 1491 560 1540 annos
576 1471 810 1548 numerarint.
860 1467 937 1542 Cur
962 1471 1057 1540 enim
1106 1483 1201 1540 terac
1223 1484 1343 1561 gentes
1363 1495 1448 1541 vero
1471 1472 1655 1566 antiquam
1680 1466 1773 1542 hanc
1801 1471 1962 1563 patribus
1985 1469 2096 1541 usita-

68 1599 136 1645 ceu
162 1571 303 1664 gemina
326 1571 541 1664 praefixisset
569 1573 697 1644 initia?
747 1569 797 1646 Et
824 1574 970 1668 quidem
994 1597 1058 1644 cur
1106 1587 1178 1643 tam
1197 1573 1282 1641 anni
1301 1575 1522 1646 notationem
1548 1588 1583 1646 et
1599 1574 1891 1646 distributionem
1906 1573 2096 1666 pleraeque

68 1679 241 1760 altemm,
282 1675 378 1768 quod
415 1673 455 1742 in
487 1675 581 1746 diem
613 1675 829 1770 aequinoctii
859 1675 1058 1762 collocavit,
1107 1677 1323 1747 mutilarunt
1345 1701 1385 1746 ac
1407 1678 1658 1770 depravarunt.
1709 1673 1981 1748 Constituerunt
2007 1676 2097 1746 aliae

68 1777 307 1872 praemisisset
332 1776 434 1848 alteri
448 1773 564 1863 Deus,
590 1779 619 1848 si
639 1803 715 1850 non
737 1781 781 1850 ad
796 1777 891 1850 Solis
913 1803 1056 1850 cursum
1107 1778 1175 1848 alia
1208 1779 1332 1866 initia,
1373 1777 1504 1850 Graeci
1536 1774 1678 1876 τροπὰς
1706 1773 1872 1874 θερινὰς.
1939 1775 2097 1852 Romani

68 1880 231 1954 revocari
250 1893 286 1952 et
302 1878 415 1968 redigi
429 1903 606 1950 annorum
621 1881 788 1972 periodos
802 1881 998 1954 voluisset?
1105 1877 1530 1966 Brumam„autumnale
1547 1883 1812 1978 aequinoctium
1831 1879 1980 1952 Asiatici
2008 1879 2094 1950 anni

180 1980 285 2052 Hane
309 1981 355 2050 ab
377 1982 730 2075 aequinoctioverno
754 1983 839 2054 anni
857 1978 1056 2056 inchoatio·
1105 1984 1324 2076 principium
1360 1983 1534 2056 lecemnt.
1603 1981 1768 2080 Aegyptii
1808 1998 1843 2056 et
1884 1981 2095 2080 Babylonii,

67 2109 152 2156 nem
169 2099 205 2156 et
218 2084 496 2169 dimensionem,
521 2100 562 2156 ut
576 2087 872 2180 antiquissimam,
898 2109 1057 2156 commo-
1105 2110 1308 2180 quanquam
1322 2087 1498 2180 principio
1513 2111 1594 2158 cum
1609 2084 1818 2180 populoDei
1835 2097 2096 2156 convenerunt:

68 2189 271 2274 dissimam,
296 2201 329 2258 et
355 2186 586 2258 certissimam
601 2183 766 2262 Artifices
791 2203 870 2282 post
892 2177 1056 2259 omnium
1106 2201 1223 2258 tamen
1235 2189 1407 2283 reliquam
1417 2201 1527 2261 totam
1537 2190 1715 2260 rationem
1727 2201 1922 2264 mutarunt.
1950 2186 2094 2280 Quippe

69 2307 275 2382 temporum
303 2289 442 2386 sequuti
474 2304 579 2377 sunt,
617 2303 653 2364 et
685 2293 924 2364 retinuerunt.
985 2289 1056 2362 Sed
1106 2315 1147 2361 ex
1170 2291 1340 2362 solarium
1364 2303 1503 2363 tantum
1526 2295 1688 2362 motuum
1712 2292 1859 2384 periodo
1881 2313 2014 2361 anuum
2038 2290 2097 2360 di-

72 2417 156 2464 cum
184 2415 224 2462 ea
248 2391 452 2474 intervalla,
488 2417 579 2486 quae
611 2395 855 2466 reductionem
883 2394 980 2466 Solis
1011 2395 1055 2464 ad
1107 2393 1283 2464 variatum
1299 2393 1583 2488 conllatumque,
1607 2409 1642 2465 et
1658 2419 1739 2463 eum
1757 2395 1903 2490 quidem
1923 2391 2095 2488 aequabi-

68 2496 167 2566 idcm
202 2495 417 2588 aequinoctii
446 2509 618 2586 punctum
646 2497 878 2576 metirentur,
920 2495 1057 2566 variare
1107 2497 1196 2580 lem,
1232 2517 1273 2565 ac
1308 2509 1547 2567 trecentorum
1588 2497 1928 2590 sexagintaquinque
1959 2495 2097 2566 dierum

67 2591 407 2690 deprehendissent,
432 2597 537 2682 inde,
570 2601 666 2692 quod
694 2599 873 2692 inaequali
896 2611 995 2668 motu
1018 2598 1055 2666 in
1107 2597 1325 2687 integrorum
1342 2621 1492 2668 numero
1507 2591 1800 2690 comprehensum
1817 2599 1855 2666 in
1872 2623 1940 2670 usu
1957 2593 2094 2668 habue-

67 2700 315 2794 praecedentia
339 2701 647 2793 aequinoctiorum
662 2715 791 2792 puncta
809 2713 1056 2793 proreptarent
1106 2713 1203 2770 runt.
1256 2695 1330 2769 Eos
1351 2699 1413 2794 qui
1438 2700 1625 2770 annuatim
1649 2701 1855 2772 redundant
1869 2701 2094 2794 quadrantes,

67 2803 322 2874 antevertendo
344 2803 463 2873 stellas
485 2803 701 2890 inerrantes,
735 2802 869 2896 Solque
893 2803 931 2872 in
954 2816 1055 2872 motu
1106 2825 1179 2870 non
1197 2802 1270 2872 illis
1286 2804 1329 2872 ad
1347 2826 1437 2896 quos
1450 2803 1648 2896 pertinent,
1675 2803 1781 2873 annis
1797 2803 2018 2874 vertentibus
2035 2825 2094 2872 ac-

67 2931 189 2976 annuo
207 2899 419 2998 ἂνομαλίαν
436 2929 518 2998 prae
541 2929 577 2976 se
598 2907 707 2978 ferret
722 2931 797 2976 non
814 2905 996 2996 exiguam,
1023 2918 1057 2976 et
1106 2921 1340 2990 censuerunt,
1374 2929 1439 2975 nec
1471 2917 1599 3000 quarto
1632 2907 1759 3001 quovis
1781 2929 1876 2994 anno
1903 2917 2022 2976 exacto
2055 2905 2094 2974 in

66 3021 294 3080 mutarentur
310 3023 386 3080 tum
403 3008 555 3080 imarum
580 3032 871 3102 summarumque
892 3007 1056 3080 absidum
1107 3031 1221 3077 arnum
1256 3007 1476 3099 collegerunt
1505 3007 1622 3093 diem,
1654 3009 1713 3078 sed
1748 3021 1828 3100 post
1860 3009 2095 3080 circumactae

66 3111 183 3198 Solis,
208 3111 430 3204 seuapogaei
452 3123 487 3182 et
511 3111 663 3204 perigaei
687 3113 805 3196 sedes,
831 3124 907 3182 tum
932 3107 1055 3182 taxer·
1109 3107 1208 3182 1460
1233 3111 1318 3179 tales
1342 3110 1508 3203 periodos
1523 3133 1680 3198 annuas,
1706 3111 1744 3180 in
1760 3135 1872 3182 unum
1900 3111 2096 3181 coniunxc-

66 3207 201 3310 τρὸτης
224 3214 345 3300 orbis,
378 3214 479 3284 cuius
503 3229 604 3286 motu
625 3213 688 3286 Sol
719 3208 1056 3294 circumveheretur,
1106 3227 1192 3284 runt
1216 3236 1351 3282 annum
1386 3213 1535 3284 totidem
1567 3213 1694 3286 dicbus
1719 3213 1917 3286 definitum.
1981 3211 2096 3282 Voca-

65 3319 139 3388 duo
164 3317 305 3390 diversa
328 3315 432 3387 initia
453 3316 690 3388 aestimationi
720 3332 753 3386 et
776 3315 1056 3386 dinumerationi
1109 3329 1262 3408 euntque
1295 3311 1389 3386 banc
1431 3317 1526 3389 1461
1562 3317 1749 3408 periodum
1782 3311 1911 3386 Graeci
1938 3308 2095 3388 κυνικὸν

67 3443 248 3492 annorum
265 3419 532 3512 praefinierunt,
559 3443 672 3490 unum
689 3431 862 3511 punctum
881 3419 1056 3512 aequino-
1108 3411 1301 3504 ἐνιαυτὸν,
1329 3443 1349 3488 a
1371 3416 1487 3500 Cane,
1515 3420 1577 3512 qui
1598 3419 1821 3490 exoriebatur
1836 3443 1918 3488 cum
1932 3417 2016 3490 Sole
2038 3417 2096 3486 die

65 3522 131 3594 ctii
165 3522 285 3607 verni,
317 3522 470 3592 alterum
504 3521 741 3592 inerrantium
774 3521 955 3592 stellarum
989 3519 1057 3590 ali·
1107 3521 1367 3614 Solstitii,quo
1383 3533 1541 3614 tempore
1556 3516 1789 3616 Olympiades
1803 3521 1986 3592 institutae
2001 3531 2096 3602 sunt,

64 3649 194 3720 quam,
222 3637 343 3716 utpote
357 3625 508 3716 primam
524 3624 661 3694 stellam
679 3620 905 3718 ἀστερισμυῦ
923 3621 1057 3693 Arietis
1108 3647 1126 3692 a
1147 3647 1297 3718 quarum
1321 3623 1426 3692 initio
1447 3626 1624 3718 usquead
1649 3624 1735 3693 anni
1762 3621 1892 3694 Iuliani
1917 3623 2094 3693 instaura·

64 3743 213 3800 octavae
248 3721 445 3820 Sphaerae,
479 3739 722 3820 voraruntque
750 3724 921 3806 Annum,
953 3723 1057 3796 Side-
1108 3727 1242 3796 tionem
1264 3725 1454 3796 dimidium
1475 3725 1561 3796 anni
1584 3729 1742 3798 κυνικοῦ
1765 3725 2004 3818 praeterierat.
2045 3719 2093 3796 Et

63 3855 190 3914 reum,
226 3829 384 3920 spacium
411 3829 602 3920 temporis,
640 3853 711 3922 quo
734 3825 799 3900 Sol
831 3831 875 3898 ad
908 3829 1055 3898 eandem
1108 3827 1368 3900 distribuerunt
1384 3821 1481 3897 huxic
1496 3851 1631 3898 annum
1653 3829 1835 3923 aequalem
1852 3830 1889 3898 in
1906 3827 2093 3899 duodecim

62 3933 207 4005 stellam
231 3931 446 4002 inserentem
462 3931 560 4002 orbis
576 3930 631 4004 sui
649 3931 879 4002 conversione
895 3931 1057 4000 revolve·
1108 3930 1272 4024 aequales
1290 3953 1448 4015 menses,
1472 3929 1510 4000 in
1524 3953 1614 4024 quos
1627 3931 1786 4021 singulos
1802 3932 1947 4022 triginta
1964 3929 2095 4000 retule-

30 4045 37 4062 ‘
63 4049 178 4108 retur.
205 4032 1057 4126 Quodspaciumcompereruntobservationibus
1108 4046 1192 4104 runt
1209 4033 1302 4118 dies,
1324 4031 1522 4124 superfluos
1546 4032 1706 4128 quinque
1729 4033 1815 4102 anni
1837 4033 1991 4104 termino
2011 4044 2094 4101 ante

63 4135 256 4228 complecti
275 4131 351 4210 565
375 4137 470 4220 dies,
497 4133 556 4207 15.
570 4137 736 4228 scrupula
764 4137 898 4228 prima,
924 4134 985 4210 24.
1002 4158 1056 4204 se·
1109 4157 1267 4205 mensem
1292 4129 1418 4206 Tboth
1442 4147 1779 4206 annumeraverunt.
1835 4133 2006 4206 Meminit
2027 4127 2095 4204 ho·

63 4243 205 4319 cunda,
234 4235 293 4312 10.
320 4237 440 4308 tertia:
477 4261 538 4310 seu
559 4233 666 4308 horas
688 4237 965 4332 aequinoctiales
987 4261 1057 4324 sex,
1108 4261 1190 4307 rum
1226 4237 1402 4306 mensium
1432 4237 1471 4306 in
1502 4235 1647 4308 Solonis
1687 4233 1835 4310 historia
1877 4235 2093 4310 Herodotus.

63 4341 235 4434 scrupula
253 4339 367 4432 prima
389 4363 536 4428 novem,
560 4341 715 4412 secunda
738 4337 799 4413 40.
822 4341 913 4409 lere:
940 4354 973 4410 et
998 4339 1056 4408 vix
1109 4337 1324 4432 Quanquam
1339 4351 1456 4408 autem
1473 4361 1672 4430 congruens
1688 4340 1784 4410 inter
1798 4339 1892 4410 inter
1915 4362 1951 4409 se
1966 4363 2093 4432 perpe-

63 4445 193 4517 multis
214 4441 320 4514 anuis
341 4442 496 4512 decursis
518 4457 624 4538 atque
644 4441 773 4512 exactis
788 4441 1053 4536 aliquantulum
1108 4455 1170 4512 tuo
1188 4441 1328 4511 dierum
1345 4441 1430 4512 anni
1449 4465 1638 4526 numerus,
1660 4455 1700 4513 ut
1715 4443 1897 4533 ingeniose
1913 4442 2097 4534 cogitatus,

64 4549 288 4632 variare,·et
312 4569 388 4616 eam
422 4559 542 4616 tamen
572 4545 805 4616 variationem
838 4543 953 4636 exigui
982 4565 1056 4613 esse
1109 4543 1159 4614 sic
1178 4541 1423 4614 notationibus
1442 4557 1659 4636 temporum,
1685 4557 1719 4614 et
1738 4543 1777 4614 in
1793 4545 1920 4638 primis
1936 4545 2094 4613 conden-

63 4647 253 4722 momenti.
287 4641 495 4744 Τρωικὸν
518 4672 622 4730 vero,
652 4647 708 4716 vel
730 4641 909 4742 χρονικὸν
933 4645 1055 4718 ἰνιαυ-
1109 4647 1164 4716 dis
1181 4657 1343 4718 motuum
1359 4647 1564 4717 coelestium
1589 4647 1786 4718 canonibus
1810 4647 2094 4717 accommodatus

63 4750 132 4826 τὸν
152 4743 408 4848 φαινόμενον,
433 4763 628 4821 vertentem
651 4749 706 4820 vel
724 4749 975 4840 temporalem,
1000 4747 1055 4818 vel
1109 4749 1198 4835 suit,
1220 4748 1322 4819 cuius
1338 4749 1390 4818 rei
1405 4749 1562 4820 studium
1578 4751 1671 4839 apud
1687 4743 1882 4844 Aegyptios
1907 4747 2094 4840 praecipue

63 4855 267 4927 naturalem
293 4877 428 4923 annum
451 4865 678 4945 apparentem
701 4852 936 4922 nominarunt
963 4875 1060 4936 eum,
1110 4851 1241 4940 viguit:
1267 4865 1387 4922 umen
1409 4851 1447 4920 in
1468 4849 1776 4944 aequinoctionam
1804 4865 1839 4922 et
1861 4849 2095 4922 solstitiorum

64 4983 174 5052 quem
194 4969 295 5026 antea
311 4955 466 5025 diximus
483 4953 578 5026 Solis
598 4978 662 5046 per
676 4951 869 5026 Zodiacum
895 4957 1056 5040 decursu,
1109 4953 1278 5024 continua
1302 4953 1400 5024 velut
1424 4953 1637 5044 migratione
1658 4967 1692 5024 et
1717 4953 1943 5024 aberratione
1958 4953 2094 5046 aliquid

64 5057 341 5154 reversioneque
365 5057 409 5127 ad
436 5057 543 5126 idem'
559 5055 773 5152 aequinoctii
798 5071 970 5150 punctum
993 5057 1055 5125 de·
1108 5055 1176 5126 luit
1191 5055 1421 5130 incommodi.
1472 5049 1612 5126 Omnes
1628 5057 1723 5126 enim
1740 5057 1825 5125 anni
1848 5077 1984 5126 menses
2009 5051 2096 5124 lraec

63 5161 173 5232 scribi
199 5173 233 5232 et
255 5155 509 5253 comprehendi
540 5159 824 5253 mutationesque
859 5183 933 5228 non
968 5183 1054 5228 eon·
1110 5171 1287 5228 momenta
1303 5159 1570 5251 perreptabant,
1596 5173 1724 5253 quarto
1742 5159 1868 5252 quovis
1884 5181 1980 5228 anno
2002 5177 2095 5226 nors

64 5265 277 5334 temnendas
301 5263 559 5356 propemodum
587 5261 772 5331 annuatim
799 5259 953 5354 perpeti,
987 5256 1055 5330 boc
1109 5261 1322 5351 migratione
1346 5261 1388 5330 ad
1415 5262 1659 5355 insequentem
1684 5261 1844 5332 traducta
1872 5261 1986 5345 diem,
2017 5271 2097 5351 post

65 5379 138 5446 est,
164 5365 350 5457 prorogari
367 5365 473 5450 alias,
499 5363 587 5434 alias
605 5363 801 5444 decurtari,
828 5365 871 5433 ad
894 5387 976 5434 com
1001 5377 1055 5434 ta·
1108 5377 1191 5435 ante
1215 5363 1395 5433 delinitam
1420 5363 1607 5456 periodum
1635 5361 1805 5456 pristinas
1828 5364 1971 5434 demum
1999 5363 2099 5432 sedes

67 5491 151 5538 men
168 5469 337 5556 modum,
356 5489 402 5538 ne
417 5467 511 5540 ultra
524 5467 595 5538 diei
612 5467 845 5561 quadrantem
860 5489 966 5559 supra
983 5478 1055 5538 tre·
1107 5467 1376 5559 recuperabant.
