<?xml version="1.0" encoding="UTF-8"?>
<!DOCTYPE html PUBLIC "-//W3C//DTD XHTML 1.0 Transitional//EN"
    "http://www.w3.org/TR/xhtml1/DTD/xhtml1-transitional.dtd">
<html xmlns="http://www.w3.org/1999/xhtml" xml:lang="en" lang="en">
 <head>
  <title>
</title>
<meta http-equiv="Content-Type" content="text/html;charset=utf-8" />
  <meta name='ocr-system' content='tesseract 3.04.00' />
  <meta name='ocr-capabilities' content='ocr_page ocr_carea ocr_par ocr_line ocrx_word'/>
</head>
<body>
  <div class='ocr_page' id='page_1' title='image "./philippimelanth10bindgoog_0043.png"; bbox 0 0 4674 6162; ppageno 0'>
   <div class='ocr_carea' id='block_1_1' title="bbox 90 247 2141 352">
    <p class='ocr_par' dir='ltr' id='par_1_1' title="bbox 90 247 2141 352">
     <span class='ocr_line' id='line_1_1' title="bbox 90 247 2141 352; baseline -0.001 -10"><span class='ocrx_word' id='word_1_1' title='bbox 90 267 136 342; x_wconf 82' lang='grc'><strong>49</strong></span> <span class='ocrx_word' id='word_1_2' title='bbox 272 247 1666 352; x_wconf 62' lang='lat' dir='ltr'><strong>EPISTULARUM,lUDlClOllUME&#39;l&#39;SCRlPTORUM</strong></span> <span class='ocrx_word' id='word_1_3' title='bbox 1715 253 1950 344; x_wconf 71' lang='lat' dir='ltr'><strong>LlMlV.</strong></span> <span class='ocrx_word' id='word_1_4' title='bbox 2088 261 2141 340; x_wconf 76' lang='lat'><strong>60</strong></span> 
     </span>
    </p>
   </div>
   <div class='ocr_carea' id='block_1_2' title="bbox 86 416 2136 1144">
    <p class='ocr_par' dir='ltr' id='par_1_2' title="bbox 86 416 2136 1144">
     <span class='ocr_line' id='line_1_2' title="bbox 89 416 2136 536; baseline -0.001 -26"><span class='ocrx_word' id='word_1_5' title='bbox 89 463 161 510; x_wconf 82' lang='lat' dir='ltr'><strong>sca</strong></span> <span class='ocrx_word' id='word_1_6' title='bbox 185 437 353 514; x_wconf 75' lang='lat' dir='ltr'><strong>tansstcts</strong></span> <span class='ocrx_word' id='word_1_7' title='bbox 367 437 597 536; x_wconf 84' lang='lat' dir='ltr'><strong>opinionibus</strong></span> <span class='ocrx_word' id='word_1_8' title='bbox 613 436 790 508; x_wconf 87' lang='lat' dir='ltr'><strong>damnatis</strong></span> <span class='ocrx_word' id='word_1_9' title='bbox 808 433 943 506; x_wconf 87' lang='lat' dir='ltr'><strong>indicio</strong></span> <span class='ocrx_word' id='word_1_10' title='bbox 957 425 1082 504; x_wconf 88' lang='lat' dir='ltr'><strong>catho-</strong></span> <span class='ocrx_word' id='word_1_11' title='bbox 1134 441 1173 500; x_wconf 88' lang='lat' dir='ltr'><strong>ut</strong></span> <span class='ocrx_word' id='word_1_12' title='bbox 1195 421 1291 499; x_wconf 88' lang='lat' dir='ltr'><strong>hanc</strong></span> <span class='ocrx_word' id='word_1_13' title='bbox 1316 416 1742 527; x_wconf 82' lang='lat' dir='ltr'><strong>morsinl&#39;erreneqneat.</strong></span> <span class='ocrx_word' id='word_1_14' title='bbox 1793 429 1928 508; x_wconf 84' lang='lat' dir='ltr'><strong>Poscor</strong></span> <span class='ocrx_word' id='word_1_15' title='bbox 1944 427 2136 532; x_wconf 83' lang='lat' dir='ltr'><strong>enimpre-</strong></span> 
     </span>
     <span class='ocr_line' id='line_1_3' title="bbox 89 523 2134 634; baseline -0.006 -22"><span class='ocrx_word' id='word_1_16' title='bbox 89 543 169 612; x_wconf 87' lang='lat' dir='ltr'><strong>lirae</strong></span> <span class='ocrx_word' id='word_1_17' title='bbox 185 537 367 615; x_wconf 77' lang='lat' dir='ltr'><strong>Ecclesiae</strong></span> <span class='ocrx_word' id='word_1_18' title='bbox 383 541 515 616; x_wconf 91' lang='lat' dir='ltr'><strong>Christi</strong></span> <span class='ocrx_word' id='word_1_19' title='bbox 532 537 735 614; x_wconf 88' lang='lat' dir='ltr'><strong>abhorrere.</strong></span> <span class='ocrx_word' id='word_1_20' title='bbox 788 537 958 610; x_wconf 81' lang='lat' dir='ltr'><strong>Promisit</strong></span> <span class='ocrx_word' id='word_1_21' title='bbox 974 535 1080 606; x_wconf 88' lang='lat' dir='ltr'><strong>etiam</strong></span> <span class='ocrx_word' id='word_1_22' title='bbox 1133 531 1225 603; x_wconf 87' lang='lat' dir='ltr'><strong>tium</strong></span> <span class='ocrx_word' id='word_1_23' title='bbox 1249 523 1471 603; x_wconf 76' lang='lat' dir='ltr'>inhabitatae</span> <span class='ocrx_word' id='word_1_24' title='bbox 1495 535 1757 621; x_wconf 79' lang='lat' dir='ltr'><strong>domunculae,</strong></span> <span class='ocrx_word' id='word_1_25' title='bbox 1783 550 1819 610; x_wconf 89' lang='lat' dir='ltr'><strong>et</strong></span> <span class='ocrx_word' id='word_1_26' title='bbox 1841 539 2051 634; x_wconf 71' lang='lat' dir='ltr'><strong>quotidiana</strong></span> <span class='ocrx_word' id='word_1_27' title='bbox 2067 565 2134 614; x_wconf 88' lang='lat' dir='ltr'><strong>ne-</strong></span> 
     </span>
     <span class='ocr_line' id='line_1_4' title="bbox 89 634 2133 738; baseline -0.001 -24"><span class='ocrx_word' id='word_1_28' title='bbox 89 641 140 715; x_wconf 87' lang='lat' dir='ltr'><strong>hic</strong></span> <span class='ocrx_word' id='word_1_29' title='bbox 156 641 331 738; x_wconf 88' lang='lat' dir='ltr'><strong>Magister</strong></span> <span class='ocrx_word' id='word_1_30' title='bbox 353 644 515 718; x_wconf 78' lang='lat' dir='ltr'>Andreas</span> <span class='ocrx_word' id='word_1_31' title='bbox 540 644 578 714; x_wconf 91' lang='lat' dir='ltr'><strong>in</strong></span> <span class='ocrx_word' id='word_1_32' title='bbox 601 644 764 713; x_wconf 88' lang='lat' dir='ltr'><strong>doctrina</strong></span> <span class='ocrx_word' id='word_1_33' title='bbox 788 641 1024 714; x_wconf 72' lang='lat' dir='ltr'><strong>constantiam</strong></span> <span class='ocrx_word' id='word_1_34' title='bbox 1046 649 1081 709; x_wconf 86' lang='lat' dir='ltr'><strong>et</strong></span> <span class='ocrx_word' id='word_1_35' title='bbox 1133 635 1277 704; x_wconf 74' lang='lat' dir='ltr'><strong>cessitas</strong></span> <span class='ocrx_word' id='word_1_36' title='bbox 1295 634 1418 723; x_wconf 79' lang='lat' dir='ltr'><strong>exigit,</strong></span> <span class='ocrx_word' id='word_1_37' title='bbox 1444 645 1485 706; x_wconf 88' lang='lat' dir='ltr'><strong>ut</strong></span> <span class='ocrx_word' id='word_1_38' title='bbox 1500 635 1637 730; x_wconf 89' lang='lat' dir='ltr'><strong>aliquid</strong></span> <span class='ocrx_word' id='word_1_39' title='bbox 1654 639 1885 733; x_wconf 81' lang='lat' dir='ltr'><strong>conquiram,</strong></span> <span class='ocrx_word' id='word_1_40' title='bbox 1911 665 1983 737; x_wconf 88' lang='lat' dir='ltr'><strong>quo</strong></span> <span class='ocrx_word' id='word_1_41' title='bbox 2005 643 2133 718; x_wconf 82' lang='lat' dir='ltr'><strong>miser.</strong></span> 
     </span>
     <span class='ocr_line' id='line_1_5' title="bbox 86 735 2131 840; baseline -0.005 -22"><span class='ocrx_word' id='word_1_42' title='bbox 86 747 120 818; x_wconf 92' lang='lat' dir='ltr'><strong>iu</strong></span> <span class='ocrx_word' id='word_1_43' title='bbox 142 751 265 821; x_wconf 82' lang='lat' dir='ltr'><strong>officio</strong></span> <span class='ocrx_word' id='word_1_44' title='bbox 290 751 395 821; x_wconf 84' lang='lat' dir='ltr'><strong>fidem</strong></span> <span class='ocrx_word' id='word_1_45' title='bbox 420 765 454 820; x_wconf 90' lang='lat' dir='ltr'><strong>et</strong></span> <span class='ocrx_word' id='word_1_46' title='bbox 478 747 711 840; x_wconf 80' lang='lat' dir='ltr'><strong>diligentiam.</strong></span> <span class='ocrx_word' id='word_1_47' title='bbox 778 743 899 834; x_wconf 88' lang='lat' dir='ltr'><strong>Quare</strong></span> <span class='ocrx_word' id='word_1_48' title='bbox 923 743 957 812; x_wconf 89' lang='lat' dir='ltr'><strong>ei</strong></span> <span class='ocrx_word' id='word_1_49' title='bbox 982 741 1080 810; x_wconf 85' lang='lat' dir='ltr'><strong>iuxta</strong></span> <span class='ocrx_word' id='word_1_50' title='bbox 1128 737 1244 806; x_wconf 69' lang='lat' dir='ltr'><strong>timos</strong></span> <span class='ocrx_word' id='word_1_51' title='bbox 1265 757 1363 805; x_wconf 91' lang='lat' dir='ltr'><strong>meos</strong></span> <span class='ocrx_word' id='word_1_52' title='bbox 1386 735 1527 838; x_wconf 67' lang='lat' dir='ltr'><strong>liberos⁴</strong></span> <span class='ocrx_word' id='word_1_53' title='bbox 1546 761 1585 808; x_wconf 86' lang='lat' dir='ltr'><strong>ac</strong></span> <span class='ocrx_word' id='word_1_54' title='bbox 1611 741 1798 830; x_wconf 91' lang='lat' dir='ltr'><strong>coniugem</strong></span> <span class='ocrx_word' id='word_1_55' title='bbox 1825 741 1940 830; x_wconf 88' lang='lat' dir='ltr'><strong>alam,</strong></span> <span class='ocrx_word' id='word_1_56' title='bbox 1977 769 2131 840; x_wconf 81' lang='lat' dir='ltr'><strong>quorum</strong></span> 
     </span>
     <span class='ocr_line' id='line_1_6' title="bbox 87 838 2130 942; baseline 0.001 -23"><span class='ocrx_word' id='word_1_57' title='bbox 87 853 314 942; x_wconf 87' lang='lat' dir='ltr'><strong>apostolicam</strong></span> <span class='ocrx_word' id='word_1_58' title='bbox 334 845 528 922; x_wconf 79' lang='lat' dir='ltr'><strong>Ecclesiam</strong></span> <span class='ocrx_word' id='word_1_59' title='bbox 559 847 703 942; x_wconf 79' lang='lat' dir='ltr'><strong>publica</strong></span> <span class='ocrx_word' id='word_1_60' title='bbox 732 846 959 918; x_wconf 91' lang='lat' dir='ltr'><strong>ordinatione</strong></span> <span class='ocrx_word' id='word_1_61' title='bbox 981 867 1082 912; x_wconf 84' lang='lat' dir='ltr'><strong>com·</strong></span> <span class='ocrx_word' id='word_1_62' title='bbox 1133 838 1321 932; x_wconf 86' lang='lat' dir='ltr'><strong>quaerelae</strong></span> <span class='ocrx_word' id='word_1_63' title='bbox 1360 849 1394 909; x_wconf 91' lang='lat' dir='ltr'><strong>et</strong></span> <span class='ocrx_word' id='word_1_64' title='bbox 1428 839 1664 930; x_wconf 87' lang='lat' dir='ltr'><strong>flagitationes</strong></span> <span class='ocrx_word' id='word_1_65' title='bbox 1696 866 1817 914; x_wconf 88' lang='lat' dir='ltr'><strong>rernm</strong></span> <span class='ocrx_word' id='word_1_66' title='bbox 1853 849 2130 922; x_wconf 83' lang='lat' dir='ltr'><strong>necessariarum</strong></span> 
     </span>
     <span class='ocr_line' id='line_1_7' title="bbox 87 942 2130 1046; baseline -0.001 -24"><span class='ocrx_word' id='word_1_67' title='bbox 87 958 290 1025; x_wconf 82' lang='lat' dir='ltr'><strong>mandatum</strong></span> <span class='ocrx_word' id='word_1_68' title='bbox 322 961 382 1024; x_wconf 79' lang='lat' dir='ltr'><strong>est¹</strong></span> <span class='ocrx_word' id='word_1_69' title='bbox 395 953 633 1024; x_wconf 85' lang='lat' dir='ltr'><strong>ministerium</strong></span> <span class='ocrx_word' id='word_1_70' title='bbox 656 949 810 1021; x_wconf 92' lang='lat' dir='ltr'><strong>docendi</strong></span> <span class='ocrx_word' id='word_1_71' title='bbox 834 943 1022 1040; x_wconf 77' lang='lat' dir='ltr'><strong>Evangelii</strong></span> <span class='ocrx_word' id='word_1_72' title='bbox 1046 955 1082 1015; x_wconf 88' lang='lat' dir='ltr'><strong>et</strong></span> <span class='ocrx_word' id='word_1_73' title='bbox 1132 953 1271 1012; x_wconf 88' lang='lat' dir='ltr'><strong>tantum</strong></span> <span class='ocrx_word' id='word_1_74' title='bbox 1287 953 1370 1012; x_wconf 89' lang='lat' dir='ltr'><strong>sunt</strong></span> <span class='ocrx_word' id='word_1_75' title='bbox 1385 942 1511 1012; x_wconf 77' lang='lat' dir='ltr'><strong>ariditu</strong></span> <span class='ocrx_word' id='word_1_76' title='bbox 1523 943 1768 1016; x_wconf 87' lang='lat' dir='ltr'><strong>acerbissimae</strong></span> <span class='ocrx_word' id='word_1_77' title='bbox 1783 959 1934 1040; x_wconf 86' lang='lat' dir='ltr'><strong>etsaepe</strong></span> <span class='ocrx_word' id='word_1_78' title='bbox 1955 947 2130 1046; x_wconf 79' lang='lat' dir='ltr'><strong>lacrymas</strong></span> 
     </span>
     <span class='ocr_line' id='line_1_8' title="bbox 90 1039 2130 1144; baseline -0.004 -19"><span class='ocrx_word' id='word_1_79' title='bbox 90 1071 303 1127; x_wconf 86' lang='lat' dir='ltr'><strong>sacramenta</strong></span> <span class='ocrx_word' id='word_1_80' title='bbox 345 1083 363 1128; x_wconf 88' lang='lat' dir='ltr'><strong>a</strong></span> <span class='ocrx_word' id='word_1_81' title='bbox 398 1050 543 1127; x_wconf 89' lang='lat' dir='ltr'><strong>Christo</strong></span> <span class='ocrx_word' id='word_1_82' title='bbox 583 1053 763 1138; x_wconf 90' lang='lat' dir='ltr'><strong>instituta,</strong></span> <span class='ocrx_word' id='word_1_83' title='bbox 804 1045 1081 1122; x_wconf 85' lang='lat' dir='ltr'><strong>administrandi</strong></span> <span class='ocrx_word' id='word_1_84' title='bbox 1133 1043 1329 1114; x_wconf 87' lang='lat' dir='ltr'><strong>excutiunt.</strong></span> <span class='ocrx_word' id='word_1_85' title='bbox 1380 1039 1484 1114; x_wconf 86' lang='lat' dir='ltr'><strong>Certe</strong></span> <span class='ocrx_word' id='word_1_86' title='bbox 1502 1068 1600 1116; x_wconf 90' lang='lat' dir='ltr'><strong>nunc</strong></span> <span class='ocrx_word' id='word_1_87' title='bbox 1618 1071 1761 1142; x_wconf 92' lang='lat' dir='ltr'><strong>quoque</strong></span> <span class='ocrx_word' id='word_1_88' title='bbox 1778 1073 1835 1121; x_wconf 87' lang='lat' dir='ltr'><strong>me</strong></span> <span class='ocrx_word' id='word_1_89' title='bbox 1854 1065 2005 1144; x_wconf 81' lang='lat' dir='ltr'><strong>cogunt,</strong></span> <span class='ocrx_word' id='word_1_90' title='bbox 2030 1066 2130 1126; x_wconf 77' lang='lat' dir='ltr'><strong>tuam</strong></span> 
     </span>
    </p>
   </div>
   <div class='ocr_carea' id='block_1_3' title="bbox 89 1145 2254 1254">
    <p class='ocr_par' dir='ltr' id='par_1_3' title="bbox 89 1145 2254 1254">
     <span class='ocr_line' id='line_1_9' title="bbox 89 1145 2254 1254; baseline 0.007 -35"><span class='ocrx_word' id='word_1_91' title='bbox 89 1159 178 1230; x_wconf 72' lang='lat' dir='ltr'><strong>iusta</strong></span> <span class='ocrx_word' id='word_1_92' title='bbox 203 1160 440 1233; x_wconf 50' lang='lat' dir='ltr'><strong>causationem.</strong></span> <span class='ocrx_word' id='word_1_93' title='bbox 491 1154 653 1251; x_wconf 83' lang='lat' dir='ltr'><strong>Cumque</strong></span> <span class='ocrx_word' id='word_1_94' title='bbox 676 1157 846 1254; x_wconf 81' lang='lat' dir='ltr'><strong>scriptum</strong></span> <span class='ocrx_word' id='word_1_95' title='bbox 871 1153 917 1225; x_wconf 92' lang='lat' dir='ltr'><strong>sit</strong></span> <span class='ocrx_word' id='word_1_96' title='bbox 941 1153 985 1223; x_wconf 90' lang='lat' dir='ltr'><strong>de</strong></span> <span class='ocrx_word' id='word_1_97' title='bbox 1005 1149 1080 1219; x_wconf 87' lang='lat' dir='ltr'><strong>tilio</strong></span> <span class='ocrx_word' id='word_1_98' title='bbox 1132 1145 1383 1240; x_wconf 91' lang='lat' dir='ltr'><strong>praestantiam</strong></span> <span class='ocrx_word' id='word_1_99' title='bbox 1397 1147 1590 1216; x_wconf 89' lang='lat' dir='ltr'><strong>convenire</strong></span> <span class='ocrx_word' id='word_1_100' title='bbox 1607 1161 1642 1219; x_wconf 91' lang='lat' dir='ltr'><strong>et</strong></span> <span class='ocrx_word' id='word_1_101' title='bbox 1659 1171 1799 1242; x_wconf 89' lang='lat' dir='ltr'><strong>cogare,</strong></span> <span class='ocrx_word' id='word_1_102' title='bbox 1821 1161 1861 1224; x_wconf 89' lang='lat' dir='ltr'><strong>ul</strong></span> <span class='ocrx_word' id='word_1_103' title='bbox 1879 1153 1923 1224; x_wconf 89' lang='lat' dir='ltr'><strong>de</strong></span> <span class='ocrx_word' id='word_1_104' title='bbox 1940 1177 2000 1234; x_wconf 87' lang='lat' dir='ltr'><strong>eo,</strong></span> <span class='ocrx_word' id='word_1_105' title='bbox 2030 1161 2127 1250; x_wconf 91' lang='lat' dir='ltr'><strong>qnod</strong></span> <span class='ocrx_word' id='word_1_106' title='bbox 2252 1229 2254 1234; x_wconf 79' lang='grc'>,</span> 
     </span>
    </p>
   </div>
   <div class='ocr_carea' id='block_1_4' title="bbox 87 1247 2209 2977">
    <p class='ocr_par' dir='ltr' id='par_1_4' title="bbox 87 1247 2209 2480">
     <span class='ocr_line' id='line_1_10' title="bbox 87 1247 2126 1348; baseline 0.002 -23"><span class='ocrx_word' id='word_1_107' title='bbox 87 1259 161 1332; x_wconf 88' lang='lat' dir='ltr'><strong>Dei:</strong></span> <span class='ocrx_word' id='word_1_108' title='bbox 187 1255 408 1344; x_wconf 76' lang='lat' dir='ltr'><strong>adscendit,</strong></span> <span class='ocrx_word' id='word_1_109' title='bbox 428 1253 529 1331; x_wconf 81' lang='lat' dir='ltr'><strong>dedit</strong></span> <span class='ocrx_word' id='word_1_110' title='bbox 546 1255 644 1330; x_wconf 83' lang='lat' dir='ltr'><strong>bona</strong></span> <span class='ocrx_word' id='word_1_111' title='bbox 661 1249 895 1337; x_wconf 80' lang='lat' dir='ltr'><strong>hominibus,</strong></span> <span class='ocrx_word' id='word_1_112' title='bbox 926 1247 1081 1348; x_wconf 83' lang='lat' dir='ltr'><strong>prophe·</strong></span> <span class='ocrx_word' id='word_1_113' title='bbox 1132 1261 1307 1339; x_wconf 83' lang='lat' dir='ltr'><strong>superest,</strong></span> <span class='ocrx_word' id='word_1_114' title='bbox 1347 1249 1434 1320; x_wconf 86' lang='lat' dir='ltr'><strong>velit</strong></span> <span class='ocrx_word' id='word_1_115' title='bbox 1459 1248 1658 1343; x_wconf 90' lang='lat' dir='ltr'><strong>paupillum</strong></span> <span class='ocrx_word' id='word_1_116' title='bbox 1684 1254 1914 1326; x_wconf 80' lang='lat' dir='ltr'><strong>conterreat</strong></span> <span class='ocrx_word' id='word_1_117' title='bbox 1937 1255 2126 1330; x_wconf 86' lang='lat' dir='ltr'><strong>levandam</strong></span> 
     </span>
     <span class='ocr_line' id='line_1_11' title="bbox 90 1350 2128 1457; baseline 0.001 -25"><span class='ocrx_word' id='word_1_118' title='bbox 90 1379 151 1446; x_wconf 86' lang='lat' dir='ltr'><strong>us,</strong></span> <span class='ocrx_word' id='word_1_119' title='bbox 179 1365 384 1457; x_wconf 90' lang='lat' dir='ltr'><strong>apostolos,</strong></span> <span class='ocrx_word' id='word_1_120' title='bbox 408 1377 566 1456; x_wconf 90' lang='lat' dir='ltr'><strong>pastores</strong></span> <span class='ocrx_word' id='word_1_121' title='bbox 580 1375 612 1432; x_wconf 92' lang='lat' dir='ltr'><strong>et</strong></span> <span class='ocrx_word' id='word_1_122' title='bbox 628 1365 800 1444; x_wconf 90' lang='lat' dir='ltr'><strong>doctores,</strong></span> <span class='ocrx_word' id='word_1_123' title='bbox 824 1379 1007 1452; x_wconf 82' lang='lat' dir='ltr'><strong>precamus</strong></span> <span class='ocrx_word' id='word_1_124' title='bbox 1022 1379 1081 1424; x_wconf 87' lang='lat' dir='ltr'><strong>ar·</strong></span> <span class='ocrx_word' id='word_1_125' title='bbox 1132 1374 1247 1420; x_wconf 72' lang='lat' dir='ltr'><strong>meam</strong></span> <span class='ocrx_word' id='word_1_126' title='bbox 1260 1350 1433 1442; x_wconf 62' lang='lat' dir='ltr'><strong>impiam,</strong></span> <span class='ocrx_word' id='word_1_127' title='bbox 1449 1363 1483 1422; x_wconf 67' lang='lat' dir='ltr'><strong>el</strong></span> <span class='ocrx_word' id='word_1_128' title='bbox 1498 1353 1644 1423; x_wconf 63' lang='lat' dir='ltr'><strong>alendos</strong></span> <span class='ocrx_word' id='word_1_129' title='bbox 1658 1378 1755 1425; x_wconf 72' lang='lat' dir='ltr'><strong>m²0⁸</strong></span> <span class='ocrx_word' id='word_1_130' title='bbox 1768 1357 1948 1448; x_wconf 60' lang='lat' dir='ltr'><strong>parvulos,</strong></span> <span class='ocrx_word' id='word_1_131' title='bbox 1965 1365 2128 1452; x_wconf 77' lang='lat' dir='ltr'><strong>quando·</strong></span> 
     </span>
     <span class='ocr_line' id='line_1_12' title="bbox 93 1452 2127 1553; baseline 0.001 -21"><span class='ocrx_word' id='word_1_132' title='bbox 93 1467 254 1538; x_wconf 81' lang='lat' dir='ltr'><strong>domibus</strong></span> <span class='ocrx_word' id='word_1_133' title='bbox 288 1469 399 1553; x_wconf 80' lang='lat' dir='ltr'><strong>sotis,</strong></span> <span class='ocrx_word' id='word_1_134' title='bbox 433 1480 473 1537; x_wconf 90' lang='lat' dir='ltr'><strong>ut</strong></span> <span class='ocrx_word' id='word_1_135' title='bbox 508 1489 590 1535; x_wconf 92' lang='lat' dir='ltr'><strong>suae</strong></span> <span class='ocrx_word' id='word_1_136' title='bbox 613 1461 791 1535; x_wconf 83' lang='lat' dir='ltr'><strong>Ecclesiae</strong></span> <span class='ocrx_word' id='word_1_137' title='bbox 825 1462 1080 1552; x_wconf 86' lang='lat' dir='ltr'><strong>gubernatores</strong></span> <span class='ocrx_word' id='word_1_138' title='bbox 1134 1453 1279 1546; x_wconf 88' lang='lat' dir='ltr'><strong>quidem</strong></span> <span class='ocrx_word' id='word_1_139' title='bbox 1298 1452 1372 1544; x_wconf 91' lang='lat' dir='ltr'><strong>ipse</strong></span> <span class='ocrx_word' id='word_1_140' title='bbox 1388 1478 1452 1544; x_wconf 91' lang='lat' dir='ltr'><strong>per</strong></span> <span class='ocrx_word' id='word_1_141' title='bbox 1468 1453 1566 1524; x_wconf 90' lang='lat' dir='ltr'><strong>visus</strong></span> <span class='ocrx_word' id='word_1_142' title='bbox 1581 1467 1616 1526; x_wconf 92' lang='lat' dir='ltr'><strong>et</strong></span> <span class='ocrx_word' id='word_1_143' title='bbox 1631 1458 1741 1526; x_wconf 86' lang='lat' dir='ltr'><strong>animi</strong></span> <span class='ocrx_word' id='word_1_144' title='bbox 1766 1457 2045 1532; x_wconf 85' lang='lat' dir='ltr'><strong>imbecillitatem</strong></span> <span class='ocrx_word' id='word_1_145' title='bbox 2069 1488 2127 1534; x_wconf 91' lang='lat' dir='ltr'><strong>ac-</strong></span> 
     </span>
     <span class='ocr_line' id='line_1_13' title="bbox 95 1549 2126 1653; baseline 0.005 -17"><span class='ocrx_word' id='word_1_146' title='bbox 95 1569 141 1636; x_wconf 85' lang='lat' dir='ltr'><strong>det</strong></span> <span class='ocrx_word' id='word_1_147' title='bbox 159 1571 314 1640; x_wconf 89' lang='lat' dir='ltr'><strong>idoneos</strong></span> <span class='ocrx_word' id='word_1_148' title='bbox 329 1583 365 1641; x_wconf 90' lang='lat' dir='ltr'><strong>ct</strong></span> <span class='ocrx_word' id='word_1_149' title='bbox 381 1570 567 1652; x_wconf 86' lang='lat' dir='ltr'><strong>salutares,</strong></span> <span class='ocrx_word' id='word_1_150' title='bbox 591 1591 630 1638; x_wconf 92' lang='lat' dir='ltr'><strong>ac</strong></span> <span class='ocrx_word' id='word_1_151' title='bbox 645 1566 792 1646; x_wconf 82' lang='lat' dir='ltr'><strong>efficiat,</strong></span> <span class='ocrx_word' id='word_1_152' title='bbox 821 1577 863 1634; x_wconf 94' lang='lat' dir='ltr'><strong>ut</strong></span> <span class='ocrx_word' id='word_1_153' title='bbox 877 1558 986 1634; x_wconf 90' lang='lat' dir='ltr'><strong>huius</strong></span> <span class='ocrx_word' id='word_1_154' title='bbox 1003 1555 1081 1630; x_wconf 86' lang='lat' dir='ltr'><strong>An·</strong></span> <span class='ocrx_word' id='word_1_155' title='bbox 1133 1555 1275 1648; x_wconf 88' lang='lat' dir='ltr'><strong>quirere</strong></span> <span class='ocrx_word' id='word_1_156' title='bbox 1296 1549 1389 1627; x_wconf 87' lang='lat' dir='ltr'><strong>nibil</strong></span> <span class='ocrx_word' id='word_1_157' title='bbox 1413 1579 1578 1650; x_wconf 84' lang='lat' dir='ltr'><strong>possum,</strong></span> <span class='ocrx_word' id='word_1_158' title='bbox 1603 1558 1673 1628; x_wconf 72' lang='lat' dir='ltr'><strong>nisi</strong></span> <span class='ocrx_word' id='word_1_159' title='bbox 1696 1562 1792 1652; x_wconf 75' lang='lat' dir='ltr'><strong>quod</strong></span> <span class='ocrx_word' id='word_1_160' title='bbox 1815 1561 1957 1653; x_wconf 72' lang='lat' dir='ltr'><strong>piorum</strong></span> <span class='ocrx_word' id='word_1_161' title='bbox 1974 1563 2126 1636; x_wconf 64' lang='lat' dir='ltr'><strong>eleemo-</strong></span> 
     </span>
     <span class='ocr_line' id='line_1_14' title="bbox 91 1656 2127 1756; baseline 0.003 -25"><span class='ocrx_word' id='word_1_162' title='bbox 91 1671 187 1744; x_wconf 65' lang='lat' dir='ltr'><strong>dreae</strong></span> <span class='ocrx_word' id='word_1_163' title='bbox 213 1671 453 1742; x_wconf 76' lang='lat' dir='ltr'><strong>ministerium</strong></span> <span class='ocrx_word' id='word_1_164' title='bbox 478 1671 523 1742; x_wconf 90' lang='lat' dir='ltr'><strong>sit</strong></span> <span class='ocrx_word' id='word_1_165' title='bbox 543 1669 662 1739; x_wconf 82' lang='lat' dir='ltr'><strong>efficax</strong></span> <span class='ocrx_word' id='word_1_166' title='bbox 684 1681 718 1737; x_wconf 91' lang='lat' dir='ltr'><strong>et</strong></span> <span class='ocrx_word' id='word_1_167' title='bbox 733 1667 896 1741; x_wconf 88' lang='lat' dir='ltr'><strong>salutare.</strong></span> <span class='ocrx_word' id='word_1_168' title='bbox 945 1661 1081 1738; x_wconf 90' lang='lat' dir='ltr'><strong>Horta·</strong></span> <span class='ocrx_word' id='word_1_169' title='bbox 1133 1656 1231 1751; x_wconf 83' lang='lat' dir='ltr'><strong>synis</strong></span> <span class='ocrx_word' id='word_1_170' title='bbox 1256 1656 1402 1746; x_wconf 92' lang='lat' dir='ltr'><strong>accipio.</strong></span> <span class='ocrx_word' id='word_1_171' title='bbox 1468 1656 1542 1728; x_wconf 90' lang='lat' dir='ltr'><strong>Nec</strong></span> <span class='ocrx_word' id='word_1_172' title='bbox 1564 1669 1683 1730; x_wconf 88' lang='lat' dir='ltr'><strong>tamen</strong></span> <span class='ocrx_word' id='word_1_173' title='bbox 1705 1685 1851 1754; x_wconf 88' lang='lat' dir='ltr'><strong>prorsus</strong></span> <span class='ocrx_word' id='word_1_174' title='bbox 1876 1666 2011 1735; x_wconf 90' lang='lat' dir='ltr'><strong>otiosus</strong></span> <span class='ocrx_word' id='word_1_175' title='bbox 2032 1668 2127 1756; x_wconf 91' lang='lat' dir='ltr'><strong>vivo,</strong></span> 
     </span>
     <span class='ocr_line' id='line_1_15' title="bbox 89 1753 2128 1864; baseline 0.002 -27"><span class='ocrx_word' id='word_1_176' title='bbox 89 1797 163 1844; x_wconf 80' lang='lat' dir='ltr'><strong>mnr</strong></span> <span class='ocrx_word' id='word_1_177' title='bbox 178 1775 288 1846; x_wconf 81' lang='lat' dir='ltr'><strong>etiam</strong></span> <span class='ocrx_word' id='word_1_178' title='bbox 304 1773 580 1846; x_wconf 90' lang='lat' dir='ltr'><strong>illustrissimum</strong></span> <span class='ocrx_word' id='word_1_179' title='bbox 597 1771 795 1864; x_wconf 86' lang='lat' dir='ltr'><strong>principem</strong></span> <span class='ocrx_word' id='word_1_180' title='bbox 812 1761 1016 1861; x_wconf 81' lang='lat' dir='ltr'><strong>Magnum,</strong></span> <span class='ocrx_word' id='word_1_181' title='bbox 1040 1775 1082 1834; x_wconf 86' lang='lat' dir='ltr'><strong>ut</strong></span> <span class='ocrx_word' id='word_1_182' title='bbox 1133 1761 1194 1826; x_wconf 91' lang='lat' dir='ltr'><strong>sed</strong></span> <span class='ocrx_word' id='word_1_183' title='bbox 1216 1758 1332 1828; x_wconf 90' lang='lat' dir='ltr'><strong>servio</strong></span> <span class='ocrx_word' id='word_1_184' title='bbox 1348 1753 1526 1830; x_wconf 87' lang='lat' dir='ltr'><strong>Ecclesiae</strong></span> <span class='ocrx_word' id='word_1_185' title='bbox 1548 1775 1711 1848; x_wconf 87' lang='lat' dir='ltr'><strong>nostrae,</strong></span> <span class='ocrx_word' id='word_1_186' title='bbox 1737 1777 1844 1858; x_wconf 87' lang='lat' dir='ltr'><strong>atque</strong></span> <span class='ocrx_word' id='word_1_187' title='bbox 1860 1767 1948 1836; x_wconf 86' lang='lat' dir='ltr'><strong>adeo</strong></span> <span class='ocrx_word' id='word_1_188' title='bbox 1963 1769 2128 1858; x_wconf 80' lang='lat' dir='ltr'><strong>pluribus</strong></span> 
     </span>
     <span class='ocr_line' id='line_1_16' title="bbox 89 1861 2128 1968; baseline 0.004 -33"><span class='ocrx_word' id='word_1_189' title='bbox 89 1869 275 1968; x_wconf 61' lang='lat' dir='ltr'><strong>lis-angelii</strong></span> <span class='ocrx_word' id='word_1_190' title='bbox 294 1877 477 1949; x_wconf 79' lang='lat' dir='ltr'><strong>ministros</strong></span> <span class='ocrx_word' id='word_1_191' title='bbox 498 1875 651 1964; x_wconf 89' lang='lat' dir='ltr'><strong>benigne</strong></span> <span class='ocrx_word' id='word_1_192' title='bbox 675 1884 817 1942; x_wconf 88' lang='lat' dir='ltr'><strong>tueatur</strong></span> <span class='ocrx_word' id='word_1_193' title='bbox 830 1895 869 1940; x_wconf 92' lang='lat' dir='ltr'><strong>ac</strong></span> <span class='ocrx_word' id='word_1_194' title='bbox 885 1871 1020 1950; x_wconf 81' lang='lat' dir='ltr'><strong>foveat,</strong></span> <span class='ocrx_word' id='word_1_195' title='bbox 1046 1878 1082 1936; x_wconf 91' lang='lat' dir='ltr'><strong>et</strong></span> <span class='ocrx_word' id='word_1_196' title='bbox 1133 1861 1330 1930; x_wconf 90' lang='lat' dir='ltr'><strong>erudiendo</strong></span> <span class='ocrx_word' id='word_1_197' title='bbox 1353 1883 1430 1946; x_wconf 91' lang='lat' dir='ltr'><strong>eos,</strong></span> <span class='ocrx_word' id='word_1_198' title='bbox 1457 1862 1519 1954; x_wconf 88' lang='lat' dir='ltr'><strong>qui</strong></span> <span class='ocrx_word' id='word_1_199' title='bbox 1541 1863 1721 1954; x_wconf 91' lang='lat' dir='ltr'><strong>publicam</strong></span> <span class='ocrx_word' id='word_1_200' title='bbox 1745 1868 2007 1939; x_wconf 83' lang='lat' dir='ltr'><strong>ordinationem</strong></span> <span class='ocrx_word' id='word_1_201' title='bbox 2022 1895 2044 1941; x_wconf 93' lang='lat' dir='ltr'><strong>a</strong></span> <span class='ocrx_word' id='word_1_202' title='bbox 2060 1897 2128 1948; x_wconf 93' lang='lat' dir='ltr'><strong>no-</strong></span> 
     </span>
     <span class='ocr_line' id='line_1_17' title="bbox 88 1949 2209 2065; baseline 0.007 -31"><span class='ocrx_word' id='word_1_203' title='bbox 88 1973 261 2051; x_wconf 57' lang='lat' dir='ltr'><strong>Ec2105505</strong></span> <span class='ocrx_word' id='word_1_204' title='bbox 286 1979 354 2052; x_wconf 68' lang='lat' dir='ltr'><strong>Dei</strong></span> <span class='ocrx_word' id='word_1_205' title='bbox 383 2002 511 2048; x_wconf 74' lang='lat' dir='ltr'><strong>ornare</strong></span> <span class='ocrx_word' id='word_1_206' title='bbox 540 1978 697 2060; x_wconf 85' lang='lat' dir='ltr'><strong>studeat,</strong></span> <span class='ocrx_word' id='word_1_207' title='bbox 729 1997 811 2044; x_wconf 88' lang='lat' dir='ltr'><strong>cum</strong></span> <span class='ocrx_word' id='word_1_208' title='bbox 839 1972 926 2043; x_wconf 90' lang='lat' dir='ltr'><strong>sciat</strong></span> <span class='ocrx_word' id='word_1_209' title='bbox 945 1971 1081 2065; x_wconf 88' lang='lat' dir='ltr'><strong>praeci·</strong></span> <span class='ocrx_word' id='word_1_210' title='bbox 1132 1977 1204 2032; x_wconf 89' lang='lat' dir='ltr'><strong>stra</strong></span> <span class='ocrx_word' id='word_1_211' title='bbox 1227 1957 1384 2031; x_wconf 89' lang='lat' dir='ltr'><strong>Ecclesia</strong></span> <span class='ocrx_word' id='word_1_212' title='bbox 1413 1975 1559 2054; x_wconf 90' lang='lat' dir='ltr'><strong>petunt,</strong></span> <span class='ocrx_word' id='word_1_213' title='bbox 1589 1949 1656 2060; x_wconf 76' lang='lat' dir='ltr'><strong>&#39;qni</strong></span> <span class='ocrx_word' id='word_1_214' title='bbox 1688 1991 1767 2038; x_wconf 89' lang='lat' dir='ltr'><strong>cum</strong></span> <span class='ocrx_word' id='word_1_215' title='bbox 1799 1993 1902 2060; x_wconf 86' lang='lat' dir='ltr'><strong>saepe</strong></span> <span class='ocrx_word' id='word_1_216' title='bbox 1931 1971 2126 2046; x_wconf 90' lang='lat' dir='ltr'><strong>admodum</strong></span> <span class='ocrx_word' id='word_1_217' title='bbox 2200 1991 2209 2008; x_wconf 83' lang='lat'>&#39;</span> 
     </span>
     <span class='ocr_line' id='line_1_18' title="bbox 89 2063 2126 2175; baseline 0.01 -46"><span class='ocrx_word' id='word_1_218' title='bbox 89 2107 194 2175; x_wconf 58' lang='lat' dir='ltr'><strong>guum</strong></span> <span class='ocrx_word' id='word_1_219' title='bbox 218 2083 310 2152; x_wconf 64' lang='lat' dir='ltr'>honi</span> <span class='ocrx_word' id='word_1_220' title='bbox 336 2081 507 2173; x_wconf 64' lang='lat' dir='ltr'><strong>principis</strong></span> <span class='ocrx_word' id='word_1_221' title='bbox 534 2079 689 2148; x_wconf 67' lang='lat' dir='ltr'><strong>officium</strong></span> <span class='ocrx_word' id='word_1_222' title='bbox 714 2099 807 2160; x_wconf 80' lang='lat' dir='ltr'><strong>esse,</strong></span> <span class='ocrx_word' id='word_1_223' title='bbox 839 2073 989 2164; x_wconf 82' lang='lat' dir='ltr'><strong>gloriam</strong></span> <span class='ocrx_word' id='word_1_224' title='bbox 1012 2067 1082 2141; x_wconf 91' lang='lat' dir='ltr'><strong>Dei</strong></span> <span class='ocrx_word' id='word_1_225' title='bbox 1132 2065 1239 2134; x_wconf 89' lang='lat' dir='ltr'><strong>rudes</strong></span> <span class='ocrx_word' id='word_1_226' title='bbox 1261 2063 1471 2150; x_wconf 88' lang='lat' dir='ltr'><strong>adveniant,</strong></span> <span class='ocrx_word' id='word_1_227' title='bbox 1496 2089 1536 2135; x_wconf 90' lang='lat' dir='ltr'><strong>ea</strong></span> <span class='ocrx_word' id='word_1_228' title='bbox 1558 2065 1628 2136; x_wconf 89' lang='lat' dir='ltr'><strong>lide</strong></span> <span class='ocrx_word' id='word_1_229' title='bbox 1649 2081 1684 2139; x_wconf 92' lang='lat' dir='ltr'><strong>et</strong></span> <span class='ocrx_word' id='word_1_230' title='bbox 1704 2069 1889 2162; x_wconf 88' lang='lat' dir='ltr'><strong>diligentia</strong></span> <span class='ocrx_word' id='word_1_231' title='bbox 1912 2096 2004 2144; x_wconf 90' lang='lat' dir='ltr'><strong>ame</strong></span> <span class='ocrx_word' id='word_1_232' title='bbox 2020 2075 2126 2148; x_wconf 88' lang='lat' dir='ltr'><strong>insti-</strong></span> 
     </span>
     <span class='ocr_line' id='line_1_19' title="bbox 88 2165 2126 2270; baseline 0.003 -18"><span class='ocrx_word' id='word_1_233' title='bbox 88 2185 276 2270; x_wconf 79' lang='lat' dir='ltr'><strong>illustrare,</strong></span> <span class='ocrx_word' id='word_1_234' title='bbox 301 2209 341 2253; x_wconf 91' lang='lat' dir='ltr'><strong>ac</strong></span> <span class='ocrx_word' id='word_1_235' title='bbox 357 2180 472 2253; x_wconf 92' lang='lat' dir='ltr'><strong>Deum</strong></span> <span class='ocrx_word' id='word_1_236' title='bbox 490 2183 637 2253; x_wconf 83' lang='lat' dir='ltr'><strong>reddere</strong></span> <span class='ocrx_word' id='word_1_237' title='bbox 651 2204 714 2270; x_wconf 91' lang='lat' dir='ltr'><strong>pro</strong></span> <span class='ocrx_word' id='word_1_238' title='bbox 731 2173 798 2247; x_wconf 92' lang='lat' dir='ltr'><strong>hac</strong></span> <span class='ocrx_word' id='word_1_239' title='bbox 813 2177 941 2269; x_wconf 88' lang='lat' dir='ltr'><strong>pietate</strong></span> <span class='ocrx_word' id='word_1_240' title='bbox 954 2177 1080 2264; x_wconf 89' lang='lat' dir='ltr'><strong>ingen·</strong></span> <span class='ocrx_word' id='word_1_241' title='bbox 1132 2179 1303 2252; x_wconf 74' lang='lat' dir='ltr'><strong>luuntur,</strong></span> <span class='ocrx_word' id='word_1_242' title='bbox 1341 2180 1381 2238; x_wconf 79' lang='lat' dir='ltr'><strong>ul</strong></span> <span class='ocrx_word' id='word_1_243' title='bbox 1412 2169 1669 2240; x_wconf 54' lang='lat' dir='ltr'><strong>examinabit&amp;</strong></span> <span class='ocrx_word' id='word_1_244' title='bbox 1701 2165 1795 2244; x_wconf 63' lang='lat' dir='ltr'><strong>hanc</strong></span> <span class='ocrx_word' id='word_1_245' title='bbox 1824 2195 1938 2244; x_wconf 65' lang='lat' dir='ltr'><strong>meam</strong></span> <span class='ocrx_word' id='word_1_246' title='bbox 1971 2179 2126 2266; x_wconf 63' lang='lat' dir='ltr'><strong>opellam</strong></span> 
     </span>
     <span class='ocr_line' id='line_1_20' title="bbox 89 2269 2124 2379; baseline 0.007 -23"><span class='ocrx_word' id='word_1_247' title='bbox 89 2287 319 2379; x_wconf 70' lang='lat' dir='ltr'><strong>supraema,</strong></span> <span class='ocrx_word' id='word_1_248' title='bbox 346 2287 435 2356; x_wconf 73' lang='lat' dir='ltr'><strong>stau</strong></span> <span class='ocrx_word' id='word_1_249' title='bbox 451 2284 639 2374; x_wconf 73' lang='lat' dir='ltr'><strong>atcttrpse:</strong></span> <span class='ocrx_word' id='word_1_250' title='bbox 663 2269 1081 2375; x_wconf 75' lang='lat' dir='ltr'><strong>glorificantesmegto-</strong></span> <span class='ocrx_word' id='word_1_251' title='bbox 1133 2269 1203 2337; x_wconf 80' lang='lat' dir='ltr'><strong>iam</strong></span> <span class='ocrx_word' id='word_1_252' title='bbox 1227 2269 1298 2341; x_wconf 72' lang='lat' dir='ltr'><strong>diuv</strong></span> <span class='ocrx_word' id='word_1_253' title='bbox 1313 2271 1555 2360; x_wconf 75' lang='lat' dir='ltr'><strong>probaverint·</strong></span> <span class='ocrx_word' id='word_1_254' title='bbox 1606 2269 1710 2362; x_wconf 72' lang='lat' dir='ltr'><strong>Rogo</strong></span> <span class='ocrx_word' id='word_1_255' title='bbox 1735 2274 1844 2365; x_wconf 69' lang='lat' dir='ltr'><strong>agnus</strong></span> <span class='ocrx_word' id='word_1_256' title='bbox 1860 2279 2124 2367; x_wconf 76' lang='lat' dir='ltr'><strong>aerdeminum</strong></span> 
     </span>
     <span class='ocr_line' id='line_1_21' title="bbox 89 2368 2125 2480; baseline 0.001 -27"><span class='ocrx_word' id='word_1_257' title='bbox 89 2383 253 2480; x_wconf 81' lang='lat' dir='ltr'><strong>rifirado.</strong></span> <span class='ocrx_word' id='word_1_258' title='bbox 306 2381 979 2475; x_wconf 74' lang='lat' dir='ltr'><strong>DataeWitebergaedie21.Septbr-.</strong></span> <span class='ocrx_word' id='word_1_259' title='bbox 1133 2384 1294 2442; x_wconf 88' lang='lat' dir='ltr'><strong>nostrum</strong></span> <span class='ocrx_word' id='word_1_260' title='bbox 1314 2369 1430 2442; x_wconf 88' lang='lat' dir='ltr'><strong>lesum</strong></span> <span class='ocrx_word' id='word_1_261' title='bbox 1449 2368 1653 2460; x_wconf 87' lang='lat' dir='ltr'><strong>Christum,</strong></span> <span class='ocrx_word' id='word_1_262' title='bbox 1680 2389 1714 2446; x_wconf 90' lang='lat' dir='ltr'><strong>et</strong></span> <span class='ocrx_word' id='word_1_263' title='bbox 1729 2399 1793 2468; x_wconf 91' lang='lat' dir='ltr'><strong>pec</strong></span> <span class='ocrx_word' id='word_1_264' title='bbox 1808 2399 1946 2450; x_wconf 89' lang='lat' dir='ltr'><strong>sacrum</strong></span> <span class='ocrx_word' id='word_1_265' title='bbox 1963 2380 2125 2454; x_wconf 89' lang='lat' dir='ltr'><strong>ministe-</strong></span> 
     </span>
    </p>

    <p class='ocr_par' dir='ltr' id='par_1_5' title="bbox 90 2473 2126 2672">
     <span class='ocr_line' id='line_1_22' title="bbox 1133 2473 2126 2571; baseline 0.017 -29"><span class='ocrx_word' id='word_1_266' title='bbox 1133 2473 1228 2542; x_wconf 91' lang='lat' dir='ltr'><strong>rium</strong></span> <span class='ocrx_word' id='word_1_267' title='bbox 1260 2473 1317 2544; x_wconf 91' lang='lat' dir='ltr'><strong>cui</strong></span> <span class='ocrx_word' id='word_1_268' title='bbox 1347 2474 1482 2560; x_wconf 90' lang='lat' dir='ltr'><strong>servio,</strong></span> <span class='ocrx_word' id='word_1_269' title='bbox 1529 2477 1696 2570; x_wconf 92' lang='lat' dir='ltr'><strong>quodque</strong></span> <span class='ocrx_word' id='word_1_270' title='bbox 1727 2491 1763 2549; x_wconf 89' lang='lat' dir='ltr'><strong>te</strong></span> <span class='ocrx_word' id='word_1_271' title='bbox 1790 2481 2028 2571; x_wconf 60' lang='lat' dir='ltr'><strong>,magnifacere</strong></span> <span class='ocrx_word' id='word_1_272' title='bbox 2050 2509 2126 2558; x_wconf 90' lang='lat' dir='ltr'><strong>non</strong></span> 
     </span>
     <span class='ocr_line' id='line_1_23' title="bbox 90 2571 2125 2672; baseline 0.017 -48"><span class='ocrx_word' id='word_1_273' title='bbox 90 2611 1075 2648; x_wconf 38' lang='grc' dir='ltr'><strong>,ΝΜ</strong></span> <span class='ocrx_word' id='word_1_274' title='bbox 1133 2575 1280 2659; x_wconf 91' lang='lat' dir='ltr'><strong>dubito,</strong></span> <span class='ocrx_word' id='word_1_275' title='bbox 1305 2571 1505 2646; x_wconf 85' lang='lat' dir='ltr'><strong>utmihiin</strong></span> <span class='ocrx_word' id='word_1_276' title='bbox 1519 2573 1586 2648; x_wconf 90' lang='lat' dir='ltr'><strong>hac</strong></span> <span class='ocrx_word' id='word_1_277' title='bbox 1601 2601 1679 2650; x_wconf 87' lang='lat' dir='ltr'><strong>mea</strong></span> <span class='ocrx_word' id='word_1_278' title='bbox 1696 2582 1904 2656; x_wconf 83' lang='lat' dir='ltr'><strong>necessitate</strong></span> <span class='ocrx_word' id='word_1_279' title='bbox 1925 2583 2125 2672; x_wconf 67' lang='lat' dir='ltr'><strong>moventes,</strong></span> 
     </span>
    </p>

    <p class='ocr_par' dir='ltr' id='par_1_6' title="bbox 95 2661 2126 2977">
     <span class='ocr_line' id='line_1_24' title="bbox 1133 2661 2125 2768; baseline 0.016 -22"><span class='ocrx_word' id='word_1_280' title='bbox 1133 2687 1168 2746; x_wconf 91' lang='lat' dir='ltr'><strong>et</strong></span> <span class='ocrx_word' id='word_1_281' title='bbox 1191 2661 1229 2744; x_wconf 87' lang='lat' dir='ltr'><strong>in</strong></span> <span class='ocrx_word' id='word_1_282' title='bbox 1251 2700 1309 2746; x_wconf 92' lang='lat' dir='ltr'><strong>me</strong></span> <span class='ocrx_word' id='word_1_283' title='bbox 1326 2671 1510 2749; x_wconf 88' lang='lat' dir='ltr'><strong>Christum</strong></span> <span class='ocrx_word' id='word_1_284' title='bbox 1530 2679 1764 2768; x_wconf 89' lang='lat' dir='ltr'><strong>esurientem,</strong></span> <span class='ocrx_word' id='word_1_285' title='bbox 1795 2683 1971 2758; x_wconf 85' lang='lat' dir='ltr'><strong>sitientem</strong></span> <span class='ocrx_word' id='word_1_286' title='bbox 1987 2675 2032 2758; x_wconf 80' lang='lat' dir='ltr'><strong>ae</strong></span> <span class='ocrx_word' id='word_1_287' title='bbox 2054 2714 2125 2762; x_wconf 90' lang='lat' dir='ltr'><strong>nu-</strong></span> 
     </span>
     <span class='ocr_line' id='line_1_25' title="bbox 95 2777 2126 2877; baseline -0.005 -1"><span class='ocrx_word' id='word_1_288' title='bbox 95 2805 149 2877; x_wconf 83' lang='lat' dir='ltr'><strong>lio.</strong></span> <span class='ocrx_word' id='word_1_289' title='bbox 166 2801 283 2876; x_wconf 81' lang='lat'><strong>7041.</strong></span> <span class='ocrx_word' id='word_1_290' title='bbox 340 2791 343 2800; x_wconf 67' lang='grc'><em>’</em></span> <span class='ocrx_word' id='word_1_291' title='bbox 929 2835 979 2852; x_wconf 91' lang='grc'><strong>...</strong></span> <span class='ocrx_word' id='word_1_292' title='bbox 1005 2826 1055 2848; x_wconf 79' lang='grc'><strong>.-</strong></span> <span class='ocrx_word' id='word_1_293' title='bbox 1133 2780 1223 2850; x_wconf 85' lang='lat' dir='ltr'><strong>dum</strong></span> <span class='ocrx_word' id='word_1_294' title='bbox 1245 2777 1398 2864; x_wconf 83' lang='lat' dir='ltr'><strong>reficias,</strong></span> <span class='ocrx_word' id='word_1_295' title='bbox 1428 2805 1469 2851; x_wconf 91' lang='lat' dir='ltr'><strong>ac</strong></span> <span class='ocrx_word' id='word_1_296' title='bbox 1492 2781 1630 2856; x_wconf 85' lang='lat' dir='ltr'><strong>vestias.</strong></span> <span class='ocrx_word' id='word_1_297' title='bbox 1686 2780 1795 2871; x_wconf 89' lang='lat' dir='ltr'><strong>Quod</strong></span> <span class='ocrx_word' id='word_1_298' title='bbox 1822 2787 2032 2858; x_wconf 80' lang='lat' dir='ltr'><strong>beneficium</strong></span> <span class='ocrx_word' id='word_1_299' title='bbox 2055 2792 2126 2865; x_wconf 90' lang='lat' dir='ltr'><strong>sibi</strong></span> 
     </span>
     <span class='ocr_line' id='line_1_26' title="bbox 103 2881 2125 2977; baseline 0.017 -46"><span class='ocrx_word' id='word_1_300' title='bbox 103 2901 269 2932; x_wconf 57' lang='lat' dir='ltr'><em>m</em></span> <span class='ocrx_word' id='word_1_301' title='bbox 917 2891 1069 2915; x_wconf 54' lang='grc' dir='ltr'><strong><em>Μ</em></strong></span> <span class='ocrx_word' id='word_1_302' title='bbox 1133 2893 1216 2952; x_wconf 89' lang='lat' dir='ltr'><strong>ate</strong></span> <span class='ocrx_word' id='word_1_303' title='bbox 1242 2881 1410 2952; x_wconf 92' lang='lat' dir='ltr'><strong>collatum</strong></span> <span class='ocrx_word' id='word_1_304' title='bbox 1437 2905 1531 2970; x_wconf 87' lang='lat' dir='ltr'><strong>csse,</strong></span> <span class='ocrx_word' id='word_1_305' title='bbox 1564 2883 1640 2976; x_wconf 92' lang='lat' dir='ltr'><strong>ipse</strong></span> <span class='ocrx_word' id='word_1_306' title='bbox 1663 2886 1780 2977; x_wconf 87' lang='lat' dir='ltr'><strong>palam</strong></span> <span class='ocrx_word' id='word_1_307' title='bbox 1807 2889 2034 2960; x_wconf 88' lang='lat' dir='ltr'><strong>confitebitur</strong></span> <span class='ocrx_word' id='word_1_308' title='bbox 2066 2895 2125 2966; x_wconf 91' lang='lat' dir='ltr'><strong>die</strong></span> 
     </span>
    </p>
   </div>
   <div class='ocr_carea' id='block_1_5' title="bbox 92 2983 2158 4314">
    <p class='ocr_par' dir='ltr' id='par_1_7' title="bbox 92 2983 2158 4314">
     <span class='ocr_line' id='line_1_27' title="bbox 247 2983 2125 3118; baseline 0.015 -78"><span class='ocrx_word' id='word_1_309' title='bbox 247 3009 493 3098; x_wconf 58' lang='lat' dir='ltr'><strong>Tem-num⁸</strong></span> <span class='ocrx_word' id='word_1_310' title='bbox 520 3001 722 3118; x_wconf 64' lang='lat' dir='ltr'><strong>pauperi</strong></span> <span class='ocrx_word' id='word_1_311' title='bbox 749 2999 923 3088; x_wconf 49' lang='lat' dir='ltr'><strong>dapum·</strong></span> <span class='ocrx_word' id='word_1_312' title='bbox 1133 2983 1265 3054; x_wconf 89' lang='lat' dir='ltr'><strong>summi</strong></span> <span class='ocrx_word' id='word_1_313' title='bbox 1288 2983 1385 3054; x_wconf 89' lang='lat' dir='ltr'><strong>illius</strong></span> <span class='ocrx_word' id='word_1_314' title='bbox 1406 2984 1532 3056; x_wconf 91' lang='lat' dir='ltr'><strong>iudicii</strong></span> <span class='ocrx_word' id='word_1_315' title='bbox 1553 3009 1673 3056; x_wconf 87' lang='lat' dir='ltr'><strong>coram</strong></span> <span class='ocrx_word' id='word_1_316' title='bbox 1692 2987 1851 3060; x_wconf 89' lang='lat' dir='ltr'><strong>universi</strong></span> <span class='ocrx_word' id='word_1_317' title='bbox 1873 2993 1982 3064; x_wconf 87' lang='lat' dir='ltr'><strong>totius</strong></span> <span class='ocrx_word' id='word_1_318' title='bbox 1997 2999 2125 3068; x_wconf 87' lang='lat' dir='ltr'><strong>mundi</strong></span> 
     </span>
     <span class='ocr_line' id='line_1_28' title="bbox 1133 3084 2126 3189; baseline 0.013 -34"><span class='ocrx_word' id='word_1_319' title='bbox 1133 3097 1168 3157; x_wconf 91' lang='lat' dir='ltr'><strong>et</strong></span> <span class='ocrx_word' id='word_1_320' title='bbox 1184 3085 1344 3156; x_wconf 89' lang='lat' dir='ltr'><strong>omnium</strong></span> <span class='ocrx_word' id='word_1_321' title='bbox 1360 3101 1513 3158; x_wconf 89' lang='lat' dir='ltr'><strong>aetatum</strong></span> <span class='ocrx_word' id='word_1_322' title='bbox 1532 3084 1709 3175; x_wconf 87' lang='lat' dir='ltr'><strong>Ecclesia,</strong></span> <span class='ocrx_word' id='word_1_323' title='bbox 1733 3091 1823 3164; x_wconf 91' lang='lat' dir='ltr'><strong>sicut</strong></span> <span class='ocrx_word' id='word_1_324' title='bbox 1838 3094 1978 3189; x_wconf 89' lang='lat' dir='ltr'><strong>inquit,</strong></span> <span class='ocrx_word' id='word_1_325' title='bbox 2008 3117 2045 3182; x_wconf 80' lang='lat' dir='ltr'><strong>sc</strong></span> <span class='ocrx_word' id='word_1_326' title='bbox 2061 3100 2126 3168; x_wconf 87' lang='lat' dir='ltr'><strong>da-</strong></span> 
     </span>
     <span class='ocr_line' id='line_1_29' title="bbox 1132 3183 2127 3288; baseline 0.013 -30"><span class='ocrx_word' id='word_1_327' title='bbox 1132 3201 1273 3268; x_wconf 89' lang='lat' dir='ltr'><strong>turum,</strong></span> <span class='ocrx_word' id='word_1_328' title='bbox 1300 3183 1390 3284; x_wconf 84' lang='lat' dir='ltr'><strong>qnia</strong></span> <span class='ocrx_word' id='word_1_329' title='bbox 1408 3183 1653 3288; x_wconf 82' lang='lat' dir='ltr'><strong>haersecistis</strong></span> <span class='ocrx_word' id='word_1_330' title='bbox 1667 3189 1823 3264; x_wconf 82' lang='lat' dir='ltr'><strong>minimo</strong></span> <span class='ocrx_word' id='word_1_331' title='bbox 1840 3217 1887 3265; x_wconf 77' lang='lat' dir='ltr'><strong>ex</strong></span> <span class='ocrx_word' id='word_1_332' title='bbox 1901 3193 2002 3284; x_wconf 80' lang='lat' dir='ltr'><strong>meis,</strong></span> <span class='ocrx_word' id='word_1_333' title='bbox 2013 3193 2127 3272; x_wconf 76' lang='lat' dir='ltr'><strong>milri</strong></span> 
     </span>
     <span class='ocr_line' id='line_1_30' title="bbox 340 3285 2124 3402; baseline 0.035 -89"><span class='ocrx_word' id='word_1_334' title='bbox 340 3306 426 3402; x_wconf 62' lang='lat' dir='ltr'><strong>,Ph</strong></span> <span class='ocrx_word' id='word_1_335' title='bbox 437 3325 484 3401; x_wconf 35' lang='lat' dir='ltr'><strong>H·</strong></span> <span class='ocrx_word' id='word_1_336' title='bbox 509 3319 588 3398; x_wconf 53' lang='lat' dir='ltr'><strong>Me</strong></span> <span class='ocrx_word' id='word_1_337' title='bbox 597 3319 680 3394; x_wconf 64' lang='lat' dir='ltr'><strong>lan</strong></span> <span class='ocrx_word' id='word_1_338' title='bbox 689 3329 702 3392; x_wconf 57' lang='lat' dir='ltr'><em>t</em></span> <span class='ocrx_word' id='word_1_339' title='bbox 712 3315 833 3394; x_wconf 29' lang='lat' dir='ltr'><strong>hono..</strong></span> <span class='ocrx_word' id='word_1_340' title='bbox 1127 3285 1287 3388; x_wconf 81' lang='lat' dir='ltr'><strong>fecistis.</strong></span> <span class='ocrx_word' id='word_1_341' title='bbox 1321 3285 1369 3360; x_wconf 87' lang='lat' dir='ltr'><strong>Et</strong></span> <span class='ocrx_word' id='word_1_342' title='bbox 1384 3313 1447 3379; x_wconf 88' lang='lat' dir='ltr'><strong>ego</strong></span> <span class='ocrx_word' id='word_1_343' title='bbox 1464 3293 1585 3362; x_wconf 90' lang='lat' dir='ltr'><strong>astabo</strong></span> <span class='ocrx_word' id='word_1_344' title='bbox 1603 3293 1712 3378; x_wconf 90' lang='lat' dir='ltr'><strong>testis,</strong></span> <span class='ocrx_word' id='word_1_345' title='bbox 1738 3311 1772 3368; x_wconf 90' lang='lat' dir='ltr'><strong>et</strong></span> <span class='ocrx_word' id='word_1_346' title='bbox 1787 3298 2012 3388; x_wconf 83' lang='lat' dir='ltr'><strong>praedicator</strong></span> <span class='ocrx_word' id='word_1_347' title='bbox 2022 3301 2124 3376; x_wconf 83' lang='lat' dir='ltr'><strong>istius</strong></span> 
     </span>
     <span class='ocr_line' id='line_1_31' title="bbox 330 3387 2124 3489; baseline 0.016 -41"><span class='ocrx_word' id='word_1_348' title='bbox 330 3387 351 3419; x_wconf 86' lang='lat'>”</span> <span class='ocrx_word' id='word_1_349' title='bbox 1133 3405 1214 3461; x_wconf 90' lang='lat' dir='ltr'><strong>tuae</strong></span> <span class='ocrx_word' id='word_1_350' title='bbox 1229 3391 1469 3480; x_wconf 82' lang='lat' dir='ltr'><strong>benignitatis,</strong></span> <span class='ocrx_word' id='word_1_351' title='bbox 1496 3407 1572 3464; x_wconf 93' lang='lat' dir='ltr'><strong>tum</strong></span> <span class='ocrx_word' id='word_1_352' title='bbox 1589 3409 1622 3465; x_wconf 91' lang='lat' dir='ltr'><strong>et</strong></span> <span class='ocrx_word' id='word_1_353' title='bbox 1639 3419 1749 3482; x_wconf 92' lang='lat' dir='ltr'><strong>nunc,</strong></span> <span class='ocrx_word' id='word_1_354' title='bbox 1774 3402 1860 3468; x_wconf 87' lang='lat' dir='ltr'><strong>dnm</strong></span> <span class='ocrx_word' id='word_1_355' title='bbox 1880 3401 2008 3489; x_wconf 88' lang='lat' dir='ltr'><strong>vivam,</strong></span> <span class='ocrx_word' id='word_1_356' title='bbox 2035 3427 2124 3475; x_wconf 89' lang='lat' dir='ltr'><strong>eun-</strong></span> 
     </span>
     <span class='ocr_line' id='line_1_32' title="bbox 1133 3488 2122 3586; baseline 0.015 -23"><span class='ocrx_word' id='word_1_357' title='bbox 1133 3495 1214 3564; x_wconf 91' lang='lat' dir='ltr'><strong>dem</strong></span> <span class='ocrx_word' id='word_1_358' title='bbox 1230 3488 1413 3583; x_wconf 89' lang='lat' dir='ltr'><strong>Christum</strong></span> <span class='ocrx_word' id='word_1_359' title='bbox 1435 3497 1586 3586; x_wconf 87' lang='lat' dir='ltr'><strong>rogaho,</strong></span> <span class='ocrx_word' id='word_1_360' title='bbox 1612 3509 1653 3567; x_wconf 92' lang='lat' dir='ltr'><strong>ut</strong></span> <span class='ocrx_word' id='word_1_361' title='bbox 1672 3490 1776 3568; x_wconf 86' lang='lat' dir='ltr'><strong>etiam</strong></span> <span class='ocrx_word' id='word_1_362' title='bbox 1799 3499 1838 3570; x_wconf 89' lang='lat' dir='ltr'><strong>in</strong></span> <span class='ocrx_word' id='word_1_363' title='bbox 1859 3497 1925 3572; x_wconf 88' lang='lat' dir='ltr'><strong>hac</strong></span> <span class='ocrx_word' id='word_1_364' title='bbox 1938 3503 2010 3575; x_wconf 82' lang='lat' dir='ltr'><strong>vita</strong></span> <span class='ocrx_word' id='word_1_365' title='bbox 2025 3518 2122 3578; x_wconf 90' lang='lat' dir='ltr'><strong>tuam</strong></span> 
     </span>
     <span class='ocr_line' id='line_1_33' title="bbox 1133 3595 2125 3700; baseline 0.014 -33"><span class='ocrx_word' id='word_1_366' title='bbox 1133 3595 1380 3667; x_wconf 82' lang='lat' dir='ltr'><strong>liberalitatem</strong></span> <span class='ocrx_word' id='word_1_367' title='bbox 1403 3612 1606 3690; x_wconf 85' lang='lat' dir='ltr'><strong>compenset</strong></span> <span class='ocrx_word' id='word_1_368' title='bbox 1627 3601 1812 3688; x_wconf 83' lang='lat' dir='ltr'><strong>praemiis,</strong></span> <span class='ocrx_word' id='word_1_369' title='bbox 1838 3627 1929 3700; x_wconf 89' lang='lat' dir='ltr'><strong>quae</strong></span> <span class='ocrx_word' id='word_1_370' title='bbox 1944 3609 2125 3700; x_wconf 83' lang='lat' dir='ltr'><strong>promisit,</strong></span> 
     </span>
     <span class='ocr_line' id='line_1_34' title="bbox 94 3694 2124 3798; baseline 0.007 -31"><span class='ocrx_word' id='word_1_371' title='bbox 94 3699 291 3792; x_wconf 55' lang='lat' dir='ltr'><strong>verissime</strong></span> <span class='ocrx_word' id='word_1_372' title='bbox 314 3705 404 3778; x_wconf 83' lang='lat' dir='ltr'><strong>dixit</strong></span> <span class='ocrx_word' id='word_1_373' title='bbox 428 3703 509 3792; x_wconf 90' lang='lat' dir='ltr'><strong>ille,</strong></span> <span class='ocrx_word' id='word_1_374' title='bbox 539 3712 780 3796; x_wconf 87' lang='lat' dir='ltr'><strong>paupertatem</strong></span> <span class='ocrx_word' id='word_1_375' title='bbox 804 3720 876 3766; x_wconf 87' lang='lat' dir='ltr'><strong>esse</strong></span> <span class='ocrx_word' id='word_1_376' title='bbox 904 3721 1026 3784; x_wconf 74' lang='lat' dir='ltr'><strong>onus,</strong></span> <span class='ocrx_word' id='word_1_377' title='bbox 1048 3709 1082 3768; x_wconf 91' lang='lat' dir='ltr'><strong>et</strong></span> <span class='ocrx_word' id='word_1_378' title='bbox 1133 3715 1214 3770; x_wconf 87' lang='lat' dir='ltr'><strong>cum</strong></span> <span class='ocrx_word' id='word_1_379' title='bbox 1239 3695 1345 3768; x_wconf 85' lang='lat' dir='ltr'><strong>dixit:</strong></span> <span class='ocrx_word' id='word_1_380' title='bbox 1373 3695 1543 3798; x_wconf 77' lang='lat' dir='ltr'><strong>quisquis</strong></span> <span class='ocrx_word' id='word_1_381' title='bbox 1567 3694 1623 3768; x_wconf 84' lang='lat' dir='ltr'><strong>ad</strong></span> <span class='ocrx_word' id='word_1_382' title='bbox 1642 3694 1838 3772; x_wconf 82' lang='lat' dir='ltr'><strong>br&#39;bendum</strong></span> <span class='ocrx_word' id='word_1_383' title='bbox 1863 3699 2004 3780; x_wconf 76' lang='lat' dir='ltr'><strong>dederit</strong></span> <span class='ocrx_word' id='word_1_384' title='bbox 2022 3707 2124 3781; x_wconf 80' lang='lat' dir='ltr'><strong>vohis</strong></span> 
     </span>
     <span class='ocr_line' id='line_1_35' title="bbox 92 3797 2125 3906; baseline -0.004 -14"><span class='ocrx_word' id='word_1_385' title='bbox 92 3827 255 3892; x_wconf 89' lang='lat' dir='ltr'><strong>miserum</strong></span> <span class='ocrx_word' id='word_1_386' title='bbox 281 3827 316 3884; x_wconf 93' lang='lat' dir='ltr'><strong>et</strong></span> <span class='ocrx_word' id='word_1_387' title='bbox 338 3832 453 3900; x_wconf 87' lang='lat' dir='ltr'><strong>grave.</strong></span> <span class='ocrx_word' id='word_1_388' title='bbox 502 3803 592 3875; x_wconf 89' lang='lat' dir='ltr'><strong>Nam</strong></span> <span class='ocrx_word' id='word_1_389' title='bbox 618 3816 657 3873; x_wconf 92' lang='lat' dir='ltr'><strong>ut</strong></span> <span class='ocrx_word' id='word_1_390' title='bbox 673 3803 834 3870; x_wconf 90' lang='lat' dir='ltr'><strong>omittam</strong></span> <span class='ocrx_word' id='word_1_391' title='bbox 851 3799 988 3894; x_wconf 90' lang='lat' dir='ltr'><strong>reliqua</strong></span> <span class='ocrx_word' id='word_1_392' title='bbox 1006 3801 1081 3871; x_wconf 89' lang='lat' dir='ltr'><strong>eius</strong></span> <span class='ocrx_word' id='word_1_393' title='bbox 1134 3797 1284 3873; x_wconf 82' lang='lat' dir='ltr'><strong>calicem</strong></span> <span class='ocrx_word' id='word_1_394' title='bbox 1305 3823 1443 3898; x_wconf 78' lang='lat' dir='ltr'><strong>aquae,</strong></span> <span class='ocrx_word' id='word_1_395' title='bbox 1470 3803 1616 3871; x_wconf 82' lang='lat' dir='ltr'><strong>nomine</strong></span> <span class='ocrx_word' id='word_1_396' title='bbox 1630 3827 1725 3884; x_wconf 83' lang='lat' dir='ltr'><strong>mro,</strong></span> <span class='ocrx_word' id='word_1_397' title='bbox 1752 3802 1855 3906; x_wconf 82' lang='lat' dir='ltr'><strong>quod</strong></span> <span class='ocrx_word' id='word_1_398' title='bbox 1868 3801 2017 3881; x_wconf 76' lang='lat' dir='ltr'><strong>Christi</strong></span> <span class='ocrx_word' id='word_1_399' title='bbox 2029 3811 2125 3901; x_wconf 85' lang='lat' dir='ltr'><strong>sitis,</strong></span> 
     </span>
     <span class='ocr_line' id='line_1_36' title="bbox 93 3897 2125 4006; baseline -0.003 -17"><span class='ocrx_word' id='word_1_400' title='bbox 93 3919 333 4002; x_wconf 90' lang='lat' dir='ltr'><strong>incommoda,</strong></span> <span class='ocrx_word' id='word_1_401' title='bbox 358 3907 426 3983; x_wconf 88' lang='lat' dir='ltr'><strong>hoc</strong></span> <span class='ocrx_word' id='word_1_402' title='bbox 441 3930 553 3980; x_wconf 90' lang='lat' dir='ltr'><strong>unum</strong></span> <span class='ocrx_word' id='word_1_403' title='bbox 572 3899 714 3974; x_wconf 88' lang='lat' dir='ltr'><strong>homiui</strong></span> <span class='ocrx_word' id='word_1_404' title='bbox 733 3901 901 3996; x_wconf 86' lang='lat' dir='ltr'><strong>prudenti</strong></span> <span class='ocrx_word' id='word_1_405' title='bbox 914 3901 972 3971; x_wconf 90' lang='lat' dir='ltr'><strong>vel</strong></span> <span class='ocrx_word' id='word_1_406' title='bbox 984 3927 1081 3972; x_wconf 91' lang='lat' dir='ltr'><strong>acer·</strong></span> <span class='ocrx_word' id='word_1_407' title='bbox 1133 3927 1240 3974; x_wconf 81' lang='lat' dir='ltr'><strong>amen</strong></span> <span class='ocrx_word' id='word_1_408' title='bbox 1257 3897 1337 3972; x_wconf 81' lang='lat' dir='ltr'><strong>dico</strong></span> <span class='ocrx_word' id='word_1_409' title='bbox 1352 3901 1464 3982; x_wconf 74' lang='lat' dir='ltr'><strong>vobis.</strong></span> <span class='ocrx_word' id='word_1_410' title='bbox 1490 3926 1724 4004; x_wconf 81' lang='lat' dir='ltr'><strong>nequaquam</strong></span> <span class='ocrx_word' id='word_1_411' title='bbox 1739 3904 1951 4006; x_wconf 79' lang='lat' dir='ltr'><strong>perditurus</strong></span> <span class='ocrx_word' id='word_1_412' title='bbox 1966 3921 2018 3984; x_wconf 84' lang='lat' dir='ltr'><strong>est</strong></span> <span class='ocrx_word' id='word_1_413' title='bbox 2031 3937 2125 3985; x_wconf 83' lang='lat' dir='ltr'><strong>mer-</strong></span> 
     </span>
     <span class='ocr_line' id='line_1_37' title="bbox 93 4001 2158 4108; baseline -0.002 -15"><span class='ocrx_word' id='word_1_414' title='bbox 93 4027 274 4098; x_wconf 87' lang='lat' dir='ltr'><strong>bissimum</strong></span> <span class='ocrx_word' id='word_1_415' title='bbox 300 4031 371 4101; x_wconf 91' lang='lat' dir='ltr'><strong>est,</strong></span> <span class='ocrx_word' id='word_1_416' title='bbox 397 4013 625 4108; x_wconf 78' lang='lat' dir='ltr'><strong>qoodegens</strong></span> <span class='ocrx_word' id='word_1_417' title='bbox 646 4007 783 4098; x_wconf 87' lang='lat' dir='ltr'><strong>cogitur</strong></span> <span class='ocrx_word' id='word_1_418' title='bbox 798 4003 904 4074; x_wconf 90' lang='lat' dir='ltr'><strong>bonis</strong></span> <span class='ocrx_word' id='word_1_419' title='bbox 918 4003 1004 4074; x_wconf 85' lang='lat' dir='ltr'><strong>viris</strong></span> <span class='ocrx_word' id='word_1_420' title='bbox 1018 4029 1079 4074; x_wconf 90' lang='lat' dir='ltr'><strong>sua</strong></span> <span class='ocrx_word' id='word_1_421' title='bbox 1133 4001 1249 4078; x_wconf 82' lang='lat' dir='ltr'><strong>cedem</strong></span> <span class='ocrx_word' id='word_1_422' title='bbox 1267 4029 1389 4077; x_wconf 84' lang='lat' dir='ltr'><strong>suam.</strong></span> <span class='ocrx_word' id='word_1_423' title='bbox 1441 4005 1540 4078; x_wconf 89' lang='lat' dir='ltr'><strong>Bene</strong></span> <span class='ocrx_word' id='word_1_424' title='bbox 1558 4009 1671 4080; x_wconf 85' lang='lat' dir='ltr'><strong>valeat</strong></span> <span class='ocrx_word' id='word_1_425' title='bbox 1687 4024 1748 4082; x_wconf 90' lang='lat' dir='ltr'><strong>tua</strong></span> <span class='ocrx_word' id='word_1_426' title='bbox 1764 4016 1991 4102; x_wconf 84' lang='lat' dir='ltr'><strong>praestantia.</strong></span> <span class='ocrx_word' id='word_1_427' title='bbox 2106 4088 2109 4105; x_wconf 72' lang='grc'>,</span> <span class='ocrx_word' id='word_1_428' title='bbox 2150 4001 2158 4008; x_wconf 47' lang='grc'><strong>’</strong></span> 
     </span>
     <span class='ocr_line' id='line_1_38' title="bbox 95 4107 1080 4222; baseline -0.02 -26"><span class='ocrx_word' id='word_1_429' title='bbox 95 4125 309 4222; x_wconf 80' lang='lat' dir='ltr'><strong>flagitatione</strong></span> <span class='ocrx_word' id='word_1_430' title='bbox 332 4117 499 4188; x_wconf 90' lang='lat' dir='ltr'><strong>molestus</strong></span> <span class='ocrx_word' id='word_1_431' title='bbox 521 4135 612 4195; x_wconf 89' lang='lat' dir='ltr'><strong>esse,</strong></span> <span class='ocrx_word' id='word_1_432' title='bbox 652 4107 793 4204; x_wconf 79' lang='lat' dir='ltr'><strong>quaesi</strong></span> <span class='ocrx_word' id='word_1_433' title='bbox 814 4107 927 4178; x_wconf 92' lang='lat' dir='ltr'><strong>multa</strong></span> <span class='ocrx_word' id='word_1_434' title='bbox 949 4107 1013 4188; x_wconf 92' lang='lat' dir='ltr'><strong>sit,</strong></span> <span class='ocrx_word' id='word_1_435' title='bbox 1047 4121 1080 4176; x_wconf 93' lang='lat' dir='ltr'><strong>et</strong></span> 
     </span>
     <span class='ocr_line' id='line_1_39' title="bbox 96 4206 1079 4314; baseline -0.006 -32"><span class='ocrx_word' id='word_1_436' title='bbox 96 4237 234 4314; x_wconf 56' lang='lat' dir='ltr'><strong>crebra,</strong></span> <span class='ocrx_word' id='word_1_437' title='bbox 273 4223 378 4296; x_wconf 75' lang='lat' dir='ltr'><strong>eciam</strong></span> <span class='ocrx_word' id='word_1_438' title='bbox 407 4215 539 4312; x_wconf 89' lang='lat' dir='ltr'><strong>petenti</strong></span> <span class='ocrx_word' id='word_1_439' title='bbox 569 4213 694 4284; x_wconf 90' lang='lat' dir='ltr'><strong>odium</strong></span> <span class='ocrx_word' id='word_1_440' title='bbox 727 4209 906 4286; x_wconf 90' lang='lat' dir='ltr'><strong>conciliat.</strong></span> <span class='ocrx_word' id='word_1_441' title='bbox 970 4206 1079 4279; x_wconf 85' lang='lat' dir='ltr'><strong>Pauci</strong></span> 
     </span>
    </p>
   </div>
   <div class='ocr_carea' id='block_1_6' title="bbox 95 4311 2120 4509">
    <p class='ocr_par' dir='ltr' id='par_1_8' title="bbox 95 4311 2120 4509">
     <span class='ocr_line' id='line_1_40' title="bbox 95 4311 2090 4433; baseline -0.03 -26"><span class='ocrx_word' id='word_1_442' title='bbox 95 4335 186 4406; x_wconf 87' lang='lat' dir='ltr'><strong>enim</strong></span> <span class='ocrx_word' id='word_1_443' title='bbox 202 4341 308 4413; x_wconf 88' lang='lat' dir='ltr'><strong>sunt,</strong></span> <span class='ocrx_word' id='word_1_444' title='bbox 335 4321 398 4426; x_wconf 82' lang='lat' dir='ltr'><strong>qui</strong></span> <span class='ocrx_word' id='word_1_445' title='bbox 416 4317 521 4392; x_wconf 88' lang='lat' dir='ltr'><strong>hilari</strong></span> <span class='ocrx_word' id='word_1_446' title='bbox 541 4315 660 4386; x_wconf 89' lang='lat' dir='ltr'><strong>animo</strong></span> <span class='ocrx_word' id='word_1_447' title='bbox 676 4313 894 4405; x_wconf 86' lang='lat' dir='ltr'><strong>largiantur,</strong></span> <span class='ocrx_word' id='word_1_448' title='bbox 919 4311 1082 4433; x_wconf 67' lang='lat' dir='ltr'><strong>qpamgis</strong></span> <span class='ocrx_word' id='word_1_449' title='bbox 1132 4347 1201 4424; x_wconf 47' lang='lat' dir='ltr'><strong>No.</strong></span> <span class='ocrx_word' id='word_1_450' title='bbox 1216 4347 1331 4426; x_wconf 49' lang='lat'><strong>7042·</strong></span> <span class='ocrx_word' id='word_1_451' title='bbox 1979 4360 2090 4432; x_wconf 41' lang='lat' dir='ltr'><strong>mul·</strong></span> 
     </span>
     <span class='ocr_line' id='line_1_41' title="bbox 95 4427 2120 4509; baseline -0.029 0"><span class='ocrx_word' id='word_1_452' title='bbox 95 4463 151 4508; x_wconf 89' lang='lat' dir='ltr'><strong>eos</strong></span> <span class='ocrx_word' id='word_1_453' title='bbox 170 4431 305 4505; x_wconf 85' lang='lat' dir='ltr'><strong>Paulus</strong></span> <span class='ocrx_word' id='word_1_454' title='bbox 322 4427 398 4500; x_wconf 91' lang='lat' dir='ltr'><strong>Deo</strong></span> <span class='ocrx_word' id='word_1_455' title='bbox 425 4446 524 4494; x_wconf 89' lang='lat' dir='ltr'><strong>caros</strong></span> <span class='ocrx_word' id='word_1_456' title='bbox 545 4442 618 4488; x_wconf 90' lang='lat' dir='ltr'><strong>esse</strong></span> <span class='ocrx_word' id='word_1_457' title='bbox 643 4431 809 4502; x_wconf 90' lang='lat' dir='ltr'><strong>testatur,</strong></span> <span class='ocrx_word' id='word_1_458' title='bbox 840 4438 921 4485; x_wconf 91' lang='lat' dir='ltr'><strong>cum</strong></span> <span class='ocrx_word' id='word_1_459' title='bbox 945 4429 1080 4509; x_wconf 84' lang='lat' dir='ltr'><strong>anort:</strong></span> <span class='ocrx_word' id='word_1_460' title='bbox 1140 4445 1313 4476; x_wconf 61' lang='lat' dir='ltr'><strong>w-</strong></span> <span class='ocrx_word' id='word_1_461' title='bbox 1947 4451 2120 4484; x_wconf 62' lang='lat' dir='ltr'><strong>w-</strong></span> 
     </span>
    </p>
   </div>
   <div class='ocr_carea' id='block_1_7' title="bbox 95 4513 1952 4829">
    <p class='ocr_par' dir='ltr' id='par_1_9' title="bbox 95 4513 1952 4829">
     <span class='ocr_line' id='line_1_42' title="bbox 96 4513 1952 4648; baseline -0.027 -37"><span class='ocrx_word' id='word_1_462' title='bbox 96 4533 253 4610; x_wconf 72' lang='lat' dir='ltr'><strong>trituram</strong></span> <span class='ocrx_word' id='word_1_463' title='bbox 271 4525 434 4602; x_wconf 85' lang='lat' dir='ltr'><strong>datorem</strong></span> <span class='ocrx_word' id='word_1_464' title='bbox 451 4519 578 4618; x_wconf 84' lang='lat' dir='ltr'><strong>diligit</strong></span> <span class='ocrx_word' id='word_1_465' title='bbox 593 4513 779 4640; x_wconf 73' lang='lat' dir='ltr'><strong>dominus.</strong></span> <span class='ocrx_word' id='word_1_466' title='bbox 803 4515 981 4612; x_wconf 88' lang='lat' dir='ltr'><strong>Equidem</strong></span> <span class='ocrx_word' id='word_1_467' title='bbox 997 4517 1080 4635; x_wconf 85' lang='lat' dir='ltr'><strong>dedi</strong></span> <span class='ocrx_word' id='word_1_468' title='bbox 1310 4531 1509 4622; x_wconf 56' lang='lat' dir='ltr'><strong><em>Senatui</em></strong></span> <span class='ocrx_word' id='word_1_469' title='bbox 1534 4532 1585 4618; x_wconf 62' lang='lat' dir='ltr'><strong>gn</strong></span> <span class='ocrx_word' id='word_1_470' title='bbox 1610 4558 1716 4648; x_wconf 49' lang='lat' dir='ltr'><strong>opp·</strong></span> <span class='ocrx_word' id='word_1_471' title='bbox 1740 4529 1952 4628; x_wconf 56' lang='lat' dir='ltr'><em>Zermk</em></span> 
     </span>
     <span class='ocr_line' id='line_1_43' title="bbox 95 4625 1083 4736; baseline -0.028 -22"><span class='ocrx_word' id='word_1_472' title='bbox 95 4663 236 4736; x_wconf 89' lang='lat' dir='ltr'><strong>operam</strong></span> <span class='ocrx_word' id='word_1_473' title='bbox 258 4635 330 4704; x_wconf 91' lang='lat' dir='ltr'><strong>iam</strong></span> <span class='ocrx_word' id='word_1_474' title='bbox 351 4633 432 4716; x_wconf 92' lang='lat' dir='ltr'><strong>diu,</strong></span> <span class='ocrx_word' id='word_1_475' title='bbox 457 4652 502 4698; x_wconf 90' lang='lat' dir='ltr'><strong>ne</strong></span> <span class='ocrx_word' id='word_1_476' title='bbox 520 4625 642 4694; x_wconf 80' lang='lat' dir='ltr'><strong>multis</strong></span> <span class='ocrx_word' id='word_1_477' title='bbox 658 4647 759 4694; x_wconf 80' lang='lat' dir='ltr'><strong>oneri</strong></span> <span class='ocrx_word' id='word_1_478' title='bbox 774 4645 904 4706; x_wconf 90' lang='lat' dir='ltr'><strong>essem,</strong></span> <span class='ocrx_word' id='word_1_479' title='bbox 930 4645 1010 4691; x_wconf 90' lang='lat' dir='ltr'><strong>cum</strong></span> <span class='ocrx_word' id='word_1_480' title='bbox 1027 4647 1083 4688; x_wconf 83' lang='lat' dir='ltr'><strong>vr-</strong></span> 
     </span>
     <span class='ocr_line' id='line_1_44' title="bbox 95 4721 1083 4829; baseline -0.028 -11"><span class='ocrx_word' id='word_1_481' title='bbox 95 4749 233 4825; x_wconf 87' lang='lat' dir='ltr'><strong>derem,</strong></span> <span class='ocrx_word' id='word_1_482' title='bbox 263 4733 399 4829; x_wconf 90' lang='lat' dir='ltr'><strong>alioqui</strong></span> <span class='ocrx_word' id='word_1_483' title='bbox 422 4729 554 4802; x_wconf 86' lang='lat' dir='ltr'><strong>multos</strong></span> <span class='ocrx_word' id='word_1_484' title='bbox 575 4727 620 4795; x_wconf 92' lang='lat' dir='ltr'><strong>ad</strong></span> <span class='ocrx_word' id='word_1_485' title='bbox 637 4721 732 4794; x_wconf 90' lang='lat' dir='ltr'><strong>hanc</strong></span> <span class='ocrx_word' id='word_1_486' title='bbox 749 4725 876 4794; x_wconf 90' lang='lat' dir='ltr'><strong>urbem</strong></span> <span class='ocrx_word' id='word_1_487' title='bbox 894 4723 1083 4806; x_wconf 86' lang='lat' dir='ltr'><strong>confluere,</strong></span> 
     </span>
    </p>
   </div>
   <div class='ocr_carea' id='block_1_8' title="bbox 176 3161 876 3248">
    <p class='ocr_par' dir='ltr' id='par_1_10' title="bbox 176 3161 876 3248">
     <span class='ocr_line' id='line_1_45' title="bbox 176 3161 876 3248; baseline -0.029 -15"><span class='ocrx_word' id='word_1_488' title='bbox 176 3183 195 3248; x_wconf 55' lang='grc' dir='ltr'><strong>ᾖ</strong></span> <span class='ocrx_word' id='word_1_489' title='bbox 210 3177 251 3232; x_wconf 77' lang='lat' dir='ltr'><strong>Es</strong></span> <span class='ocrx_word' id='word_1_490' title='bbox 267 3189 363 3248; x_wconf 83' lang='lat' dir='ltr'><strong>apogr.</strong></span> <span class='ocrx_word' id='word_1_491' title='bbox 376 3173 404 3226; x_wconf 88' lang='lat' dir='ltr'><strong>in</strong></span> <span class='ocrx_word' id='word_1_492' title='bbox 416 3168 513 3226; x_wconf 84' lang='lat' dir='ltr'><strong>codice</strong></span> <span class='ocrx_word' id='word_1_493' title='bbox 526 3165 621 3244; x_wconf 71' lang='lat' dir='ltr'><strong>Bsrari</strong></span> <span class='ocrx_word' id='word_1_494' title='bbox 639 3162 704 3220; x_wconf 90' lang='lat' dir='ltr'><strong>Vol.</strong></span> <span class='ocrx_word' id='word_1_495' title='bbox 720 3161 755 3217; x_wconf 94' lang='lat' dir='ltr'><strong>ll.</strong></span> <span class='ocrx_word' id='word_1_496' title='bbox 774 3179 800 3232; x_wconf 90' lang='lat' dir='ltr'><strong>p.</strong></span> <span class='ocrx_word' id='word_1_497' title='bbox 815 3162 876 3218; x_wconf 81' lang='lat'><strong>951.</strong></span> 
     </span>
    </p>
   </div>
   <div class='ocr_carea' id='block_1_9' title="bbox 98 3431 1081 3652">
    <p class='ocr_par' dir='ltr' id='par_1_11' title="bbox 98 3431 1081 3652">
     <span class='ocr_line' id='line_1_46' title="bbox 98 3431 1081 3550; baseline -0.022 -16"><span class='ocrx_word' id='word_1_498' title='bbox 98 3466 157 3550; x_wconf 77' lang='lat' dir='ltr'><strong>(ste</strong></span> <span class='ocrx_word' id='word_1_499' title='bbox 168 3471 202 3530; x_wconf 91' lang='lat' dir='ltr'><strong>in</strong></span> <span class='ocrx_word' id='word_1_500' title='bbox 217 3463 308 3540; x_wconf 78' lang='lat' dir='ltr'><strong>cod,</strong></span> <span class='ocrx_word' id='word_1_501' title='bbox 335 3472 365 3522; x_wconf 88' lang='lat' dir='ltr'><strong>et</strong></span> <span class='ocrx_word' id='word_1_502' title='bbox 379 3457 491 3519; x_wconf 77' lang='lat' dir='ltr'><strong>indicat</strong></span> <span class='ocrx_word' id='word_1_503' title='bbox 505 3451 734 3516; x_wconf 79' lang='lat' dir='ltr'><strong>Melanthonem</strong></span> <span class='ocrx_word' id='word_1_504' title='bbox 749 3449 803 3512; x_wconf 83' lang='lat' dir='ltr'><strong>bos</strong></span> <span class='ocrx_word' id='word_1_505' title='bbox 817 3431 968 3532; x_wconf 79' lang='lat' dir='ltr'><strong>supplicas</strong></span> <span class='ocrx_word' id='word_1_506' title='bbox 981 3449 1081 3512; x_wconf 83' lang='lat' dir='ltr'><strong>llleras</strong></span> 
     </span>
     <span class='ocr_line' id='line_1_47' title="bbox 203 3551 969 3652; baseline -0.027 -19"><span class='ocrx_word' id='word_1_507' title='bbox 203 3569 357 3652; x_wconf 84' lang='lat' dir='ltr'><strong>scripsisse</strong></span> <span class='ocrx_word' id='word_1_508' title='bbox 372 3563 499 3645; x_wconf 83' lang='lat' dir='ltr'><strong>pauperi</strong></span> <span class='ocrx_word' id='word_1_509' title='bbox 513 3558 658 3637; x_wconf 86' lang='lat' dir='ltr'><strong>theologo</strong></span> <span class='ocrx_word' id='word_1_510' title='bbox 673 3557 788 3638; x_wconf 86' lang='lat' dir='ltr'><strong>petenti</strong></span> <span class='ocrx_word' id='word_1_511' title='bbox 800 3551 969 3634; x_wconf 82' lang='lat' dir='ltr'><strong>beneficia.)</strong></span> 
     </span>
    </p>
   </div>
   <div class='ocr_carea' id='block_1_10' title="bbox 1205 4691 2126 4830">
    <p class='ocr_par' dir='ltr' id='par_1_12' title="bbox 1205 4669 2126 4830">
     <span class='ocr_line' id='line_1_48' title="bbox 1205 4691 2126 4830; baseline 0.012 -82"><span class='ocrx_word' id='word_1_512' title='bbox 1205 4695 1229 4766; x_wconf 89' lang='lat'>†</span> <span class='ocrx_word' id='word_1_513' title='bbox 1246 4693 1284 4748; x_wconf 81' lang='lat' dir='ltr'><strong>Es</strong></span> <span class='ocrx_word' id='word_1_514' title='bbox 1295 4693 1465 4772; x_wconf 81' lang='lat' dir='ltr'><strong>autographo</strong></span> <span class='ocrx_word' id='word_1_515' title='bbox 1476 4695 1505 4748; x_wconf 86' lang='lat' dir='ltr'><strong>in</strong></span> <span class='ocrx_word' id='word_1_516' title='bbox 1519 4694 1584 4748; x_wconf 81' lang='lat' dir='ltr'><strong>eod·</strong></span> <span class='ocrx_word' id='word_1_517' title='bbox 1598 4691 1673 4748; x_wconf 81' lang='lat' dir='ltr'><strong>Goth</strong></span> <span class='ocrx_word' id='word_1_518' title='bbox 1697 4695 1757 4751; x_wconf 71' lang='lat'><strong>579.</strong></span> <span class='ocrx_word' id='word_1_519' title='bbox 1774 4694 1823 4752; x_wconf 87' lang='lat' dir='ltr'><strong>iol.</strong></span> <span class='ocrx_word' id='word_1_520' title='bbox 1841 4695 1881 4752; x_wconf 80' lang='lat' dir='ltr'><strong>tt.</strong></span> <span class='ocrx_word' id='word_1_521' title='bbox 1905 4699 2126 4830; x_wconf 49' lang='lat' dir='ltr'><strong>Scripturrehge·</strong></span> 
     </span>
    </p>
   </div>
   <div class='ocr_carea' id='block_1_11' title="bbox 94 4763 2125 4944">
    <p class='ocr_par' dir='ltr' id='par_1_13' title="bbox 94 4763 2125 4944">
     <span class='ocr_line' id='line_1_49' title="bbox 475 4763 2125 4860; baseline -0.007 -23"><span class='ocrx_word' id='word_1_522' title='bbox 475 4833 483 4850; x_wconf 76' lang='grc'><strong>,</strong></span> <span class='ocrx_word' id='word_1_523' title='bbox 779 4823 789 4860; x_wconf 66' lang='lat'><em>7</em></span> <span class='ocrx_word' id='word_1_524' title='bbox 1237 4785 1290 4846; x_wconf 63' lang='lat' dir='ltr'><strong>uoq</strong></span> <span class='ocrx_word' id='word_1_525' title='bbox 1313 4765 1392 4817; x_wconf 83' lang='lat' dir='ltr'><strong>docet</strong></span> <span class='ocrx_word' id='word_1_526' title='bbox 1418 4765 1489 4819; x_wconf 82' lang='lat' dir='ltr'><strong>hanc</strong></span> <span class='ocrx_word' id='word_1_527' title='bbox 1511 4765 1654 4836; x_wconf 83' lang='lat' dir='ltr'><strong>epistolam</strong></span> <span class='ocrx_word' id='word_1_528' title='bbox 1680 4763 1779 4820; x_wconf 81' lang='lat' dir='ltr'><strong>uitium</strong></span> <span class='ocrx_word' id='word_1_529' title='bbox 1803 4767 1938 4824; x_wconf 78' lang='lat' dir='ltr'><strong>decennio</strong></span> <span class='ocrx_word' id='word_1_530' title='bbox 1962 4773 2034 4828; x_wconf 78' lang='lat' dir='ltr'><strong>vitae</strong></span> <span class='ocrx_word' id='word_1_531' title='bbox 2090 4777 2125 4833; x_wconf 80' lang='lat' dir='ltr'><strong>et.</strong></span> 
     </span>
     <span class='ocr_line' id='line_1_50' title="bbox 94 4823 1447 4944; baseline -0.022 -26"><span class='ocrx_word' id='word_1_532' title='bbox 94 4848 152 4944; x_wconf 90' lang='lat' dir='ltr'><strong>qui</strong></span> <span class='ocrx_word' id='word_1_533' title='bbox 170 4843 430 4934; x_wconf 87' lang='lat' dir='ltr'><strong>eleemosynam</strong></span> <span class='ocrx_word' id='word_1_534' title='bbox 446 4829 706 4923; x_wconf 75' lang='lat' dir='ltr'><strong>hicquaeruut.</strong></span> <span class='ocrx_word' id='word_1_535' title='bbox 757 4824 892 4896; x_wconf 81' lang='lat' dir='ltr'><strong>lecum</strong></span> <span class='ocrx_word' id='word_1_536' title='bbox 908 4823 1083 4897; x_wconf 89' lang='lat' dir='ltr'><strong>hoctem-</strong></span> <span class='ocrx_word' id='word_1_537' title='bbox 1237 4842 1447 4906; x_wconf 66' lang='lat' dir='ltr'><strong>scriptoriam.</strong></span> 
     </span>
    </p>
   </div>
   <div class='ocr_carea' id='block_1_12' title="bbox 96 4928 1082 5044">
    <p class='ocr_par' dir='ltr' id='par_1_14' title="bbox 96 4928 1082 5044">
     <span class='ocr_line' id='line_1_51' title="bbox 96 4928 1082 5044; baseline -0.027 -23"><span class='ocrx_word' id='word_1_538' title='bbox 96 4973 179 5044; x_wconf 92' lang='lat' dir='ltr'><strong>pore</strong></span> <span class='ocrx_word' id='word_1_539' title='bbox 214 4941 307 5030; x_wconf 93' lang='lat' dir='ltr'><strong>cogit</strong></span> <span class='ocrx_word' id='word_1_540' title='bbox 334 4965 389 5008; x_wconf 89' lang='lat' dir='ltr'><strong>me</strong></span> <span class='ocrx_word' id='word_1_541' title='bbox 420 4931 611 5022; x_wconf 84' lang='lat' dir='ltr'><strong>singularis</strong></span> <span class='ocrx_word' id='word_1_542' title='bbox 631 4928 817 5000; x_wconf 89' lang='lat' dir='ltr'><strong>necessitas</strong></span> <span class='ocrx_word' id='word_1_543' title='bbox 838 4928 882 5000; x_wconf 89' lang='lat' dir='ltr'><strong>ad</strong></span> <span class='ocrx_word' id='word_1_544' title='bbox 905 4928 1082 4998; x_wconf 91' lang='lat' dir='ltr'><strong>honorum</strong></span> 
     </span>
    </p>
   </div>
   <div class='ocr_carea' id='block_1_13' title="bbox 95 5040 2125 5234">
    <p class='ocr_par' dir='ltr' id='par_1_15' title="bbox 95 5040 2125 5234">
     <span class='ocr_line' id='line_1_52' title="bbox 95 5040 2125 5234; baseline -0.024 -9"><span class='ocrx_word' id='word_1_545' title='bbox 95 5040 911 5234; x_wconf 36' lang='lat' dir='ltr'><strong>:31:123ququpqqpcqqurfiqdqqqns33ng</strong></span> <span class='ocrx_word' id='word_1_546' title='bbox 930 5053 1085 5218; x_wconf 31' lang='lat' dir='ltr'><strong>§diffudi</strong></span> <span class='ocrx_word' id='word_1_547' title='bbox 1138 5093 1398 5190; x_wconf 61' lang='lat' dir='ltr'><strong>liimilil‘il</strong></span> <span class='ocrx_word' id='word_1_548' title='bbox 1435 5093 1517 5166; x_wconf 53' lang='grc' dir='ltr'><strong>ΜΒ</strong></span> <span class='ocrx_word' id='word_1_549' title='bbox 1561 5093 1679 5186; x_wconf 58' lang='lat' dir='ltr'><strong>&amp;til</strong></span> <span class='ocrx_word' id='word_1_550' title='bbox 1713 5113 1757 5187; x_wconf 77' lang='lat' dir='ltr'><strong>gu</strong></span> <span class='ocrx_word' id='word_1_551' title='bbox 1790 5095 1966 5192; x_wconf 73' lang='lat' dir='ltr'><strong>sertae,</strong></span> <span class='ocrx_word' id='word_1_552' title='bbox 2007 5103 2125 5178; x_wconf 82' lang='lat' dir='ltr'><strong>metuat</strong></span> 
     </span>
    </p>
   </div>
   <div class='ocr_carea' id='block_1_14' title="bbox 1136 4987 2126 5090">
    <p class='ocr_par' dir='ltr' id='par_1_16' title="bbox 1136 4987 2126 5090">
     <span class='ocr_line' id='line_1_53' title="bbox 1136 4987 2126 5090; baseline -0.001 -24"><span class='ocrx_word' id='word_1_553' title='bbox 1136 4993 1211 5068; x_wconf 54' lang='lat' dir='ltr'><strong>&amp;aa</strong></span> <span class='ocrx_word' id='word_1_554' title='bbox 1230 4990 1419 5082; x_wconf 63' lang='lat' dir='ltr'><strong>distorta,</strong></span> <span class='ocrx_word' id='word_1_555' title='bbox 1443 4987 1641 5081; x_wconf 59' lang='lat' dir='ltr'><strong>&amp;maehum</strong></span> <span class='ocrx_word' id='word_1_556' title='bbox 1656 4995 1721 5065; x_wconf 82' lang='lat' dir='ltr'><strong>aab</strong></span> <span class='ocrx_word' id='word_1_557' title='bbox 1737 4995 1845 5080; x_wconf 76' lang='lat' dir='ltr'><strong>tectim</strong></span> <span class='ocrx_word' id='word_1_558' title='bbox 1859 4993 1987 5090; x_wconf 62' lang='lat' dir='ltr'><strong>berra,</strong></span> <span class='ocrx_word' id='word_1_559' title='bbox 2015 4997 2126 5077; x_wconf 49' lang='grc' dir='ltr'><strong>θῆτε</strong></span> 
     </span>
    </p>
   </div>
   <div class='ocr_carea' id='block_1_15' title="bbox 96 5191 2132 5531">
    <p class='ocr_par' dir='ltr' id='par_1_17' title="bbox 96 5191 2132 5531">
     <span class='ocr_line' id='line_1_54' title="bbox 97 5191 2003 5334; baseline -0.016 -9"><span class='ocrx_word' id='word_1_560' title='bbox 97 5251 131 5324; x_wconf 91' lang='lat' dir='ltr'><strong>hi</strong></span> <span class='ocrx_word' id='word_1_561' title='bbox 157 5277 253 5324; x_wconf 91' lang='lat' dir='ltr'><strong>nnnc</strong></span> <span class='ocrx_word' id='word_1_562' title='bbox 277 5253 487 5334; x_wconf 78' lang='lat' dir='ltr'><strong>‹lenegetur‚</strong></span> <span class='ocrx_word' id='word_1_563' title='bbox 523 5255 563 5310; x_wconf 89' lang='lat' dir='ltr'><strong>ut</strong></span> <span class='ocrx_word' id='word_1_564' title='bbox 591 5239 766 5320; x_wconf 88' lang='lat' dir='ltr'><strong>nesciam,</strong></span> <span class='ocrx_word' id='word_1_565' title='bbox 806 5248 1015 5324; x_wconf 89' lang='lat' dir='ltr'><strong>ereptumne</strong></span> <span class='ocrx_word' id='word_1_566' title='bbox 1040 5231 1086 5302; x_wconf 89' lang='lat' dir='ltr'><strong>sit</strong></span> <span class='ocrx_word' id='word_1_567' title='bbox 1468 5191 1630 5288; x_wconf 46' lang='lat' dir='ltr'><strong>dilingen</strong></span> <span class='ocrx_word' id='word_1_568' title='bbox 1655 5195 1775 5291; x_wconf 56' lang='lat' dir='ltr'><strong>imm·</strong></span> <span class='ocrx_word' id='word_1_569' title='bbox 1999 5280 2003 5289; x_wconf 73' lang='grc'><em>,</em></span> 
     </span>
     <span class='ocr_line' id='line_1_55' title="bbox 97 5309 2130 5437; baseline -0.015 -9"><span class='ocrx_word' id='word_1_570' title='bbox 97 5355 183 5426; x_wconf 89' lang='lat' dir='ltr'><strong>mihi</strong></span> <span class='ocrx_word' id='word_1_571' title='bbox 200 5351 350 5422; x_wconf 87' lang='lat' dir='ltr'><strong>omnino</strong></span> <span class='ocrx_word' id='word_1_572' title='bbox 369 5344 603 5437; x_wconf 88' lang='lat' dir='ltr'><strong>stipendium,</strong></span> <span class='ocrx_word' id='word_1_573' title='bbox 628 5365 676 5409; x_wconf 89' lang='lat' dir='ltr'><strong>an</strong></span> <span class='ocrx_word' id='word_1_574' title='bbox 691 5363 775 5408; x_wconf 84' lang='lat' dir='ltr'><strong>vero</strong></span> <span class='ocrx_word' id='word_1_575' title='bbox 798 5338 984 5408; x_wconf 73' lang='lat' dir='ltr'><strong>dille-ratur</strong></span> <span class='ocrx_word' id='word_1_576' title='bbox 1007 5349 1086 5406; x_wconf 89' lang='lat' dir='ltr'><strong>tau-</strong></span> <span class='ocrx_word' id='word_1_577' title='bbox 1138 5309 1284 5410; x_wconf 57' lang='lat' dir='ltr'><strong>&amp;bitti</strong></span> <span class='ocrx_word' id='word_1_578' title='bbox 1307 5328 1405 5402; x_wconf 62' lang='lat' dir='ltr'><strong>&amp;aab</strong></span> <span class='ocrx_word' id='word_1_579' title='bbox 1425 5323 1516 5416; x_wconf 82' lang='lat' dir='ltr'><strong>btttd)</strong></span> <span class='ocrx_word' id='word_1_580' title='bbox 1537 5325 1637 5414; x_wconf 69' lang='lat' dir='ltr'><strong>itittttt</strong></span> <span class='ocrx_word' id='word_1_581' title='bbox 1657 5325 1877 5416; x_wconf 60' lang='lat' dir='ltr'><strong>directorum</strong></span> <span class='ocrx_word' id='word_1_582' title='bbox 1897 5327 2001 5421; x_wconf 55' lang='lat' dir='ltr'><strong>&amp;aba</strong></span> <span class='ocrx_word' id='word_1_583' title='bbox 2017 5331 2130 5425; x_wconf 64' lang='lat' dir='ltr'><strong>Seium</strong></span> 
     </span>
     <span class='ocr_line' id='line_1_56' title="bbox 96 5427 2132 5531; baseline -0.014 -2"><span class='ocrx_word' id='word_1_584' title='bbox 96 5473 169 5530; x_wconf 85' lang='lat' dir='ltr'><strong>tum</strong></span> <span class='ocrx_word' id='word_1_585' title='bbox 198 5458 274 5526; x_wconf 81' lang='lat' dir='ltr'><strong>eius</strong></span> <span class='ocrx_word' id='word_1_586' title='bbox 299 5449 441 5520; x_wconf 72' lang='lat' dir='ltr'><strong>subitio.</strong></span> <span class='ocrx_word' id='word_1_587' title='bbox 494 5445 609 5514; x_wconf 80' lang='lat' dir='ltr'><strong>Tanta</strong></span> <span class='ocrx_word' id='word_1_588' title='bbox 636 5453 826 5512; x_wconf 79' lang='lat' dir='ltr'><strong>astantem</strong></span> <span class='ocrx_word' id='word_1_589' title='bbox 852 5461 928 5509; x_wconf 88' lang='lat' dir='ltr'><strong>mea</strong></span> <span class='ocrx_word' id='word_1_590' title='bbox 955 5437 1088 5531; x_wconf 84' lang='lat' dir='ltr'><strong>inopia,</strong></span> <span class='ocrx_word' id='word_1_591' title='bbox 1140 5427 1299 5521; x_wconf 71' lang='lat' dir='ltr'><strong>atratum</strong></span> <span class='ocrx_word' id='word_1_592' title='bbox 1316 5429 1705 5526; x_wconf 56' lang='lat' dir='ltr'><strong>supernumerarius.</strong></span> <span class='ocrx_word' id='word_1_593' title='bbox 1740 5427 1902 5518; x_wconf 65' lang='lat' dir='ltr'><strong>dictare,</strong></span> <span class='ocrx_word' id='word_1_594' title='bbox 1929 5433 2030 5524; x_wconf 74' lang='lat' dir='ltr'><strong>mute,</strong></span> <span class='ocrx_word' id='word_1_595' title='bbox 2054 5437 2132 5528; x_wconf 62' lang='lat' dir='ltr'><strong>gaus</strong></span> 
     </span>
    </p>
   </div>
   <div class='ocr_carea' id='block_1_16' title="bbox 154 5533 1498 5632">
    <p class='ocr_par' dir='ltr' id='par_1_18' title="bbox 154 5533 1498 5632">
     <span class='ocr_line' id='line_1_57' title="bbox 154 5533 1498 5632; baseline -0.042 -1"><span class='ocrx_word' id='word_1_596' title='bbox 154 5569 331 5632; x_wconf 68' lang='lat' dir='ltr'><strong>dirime.</strong></span> <span class='ocrx_word' id='word_1_597' title='bbox 356 5557 459 5620; x_wconf 78' lang='lat' dir='ltr'><strong>Orsa.</strong></span> <span class='ocrx_word' id='word_1_598' title='bbox 490 5551 572 5618; x_wconf 77' lang='lat' dir='ltr'><strong>Vos..</strong></span> <span class='ocrx_word' id='word_1_599' title='bbox 588 5545 630 5613; x_wconf 82' lang='grc' dir='ltr'><strong>Χ.</strong></span> <span class='ocrx_word' id='word_1_600' title='bbox 1474 5533 1498 5602; x_wconf 80' lang='lat'>4</span> 
     </span>
    </p>
   </div>
   <div class='ocr_carea' id='block_1_17' title="bbox 0 0 2344 6162">
    <p class='ocr_par' dir='ltr' id='par_1_19' title="bbox 0 0 2344 6162">
     <span class='ocr_line' id='line_1_58' title="bbox 0 0 2344 6162; baseline 0 0"><span class='ocrx_word' id='word_1_601' title='bbox 0 0 2344 6162; x_wconf 95' lang='lat' dir='ltr'><strong> </strong></span> 
     </span>
    </p>
   </div>
  </div>
 </body>
</html>
