4652 6178
89 287 163 363 act
440 339 444 346 .
684 275 1113 378 Quansrtortns
1147 273 1551 358 acauurttcau.
1647 357 1650 362 ,
2064 283 2139 360 822

192 455 285 534 Cum
302 453 411 549 igitur
426 447 514 527 hsec
527 455 687 550 quaestio
703 456 904 528 doctrinam
920 456 1092 528 vitacne·
1144 453 1230 545 legis
1255 455 1417 528 naturale
1442 467 1512 538 est,
1552 455 1646 550 qnod
1675 443 1813 528 accusat
1836 479 1902 528 nos
1928 477 2009 528 cnm
2036 455 2142 530 lateri

91 562 302 642 cessariam,
334 571 371 630 et
400 558 545 651 plenam
579 558 792 630 eruditionis
825 559 1025 640 contineat,
1057 569 1093 628 ct
1143 580 1329 648 cogamur,
1360 579 1500 650 semper
1523 557 1658 652 aliquid
1686 557 1846 628 sordium
1868 573 1905 632 et
1928 559 2140 634 vitiosorum

91 663 298 738 dulcissima
329 661 502 752 sapientia
531 660 596 746 sit,
629 661 769 732 erudita
792 662 980 753 explicatio
1004 661 1092 752 legis
1142 659 1334 730 affectuum
1359 661 1397 728 in
1414 659 1543 732 animis
1558 653 1715 734 haerere
1764 657 1950 744 Praeterea
1968 687 2049 734 curn
2066 661 2141 736 sint

90 768 256 840 divinae:
282 763 370 836 Pcto
384 788 403 834 a
420 777 456 835 te
470 763 665 834 clarissime
678 760 725 834 D.
740 761 894 849 Doctor,
918 778 960 835 nt
973 763 1090 834 coetui
1143 761 1256 834 multa
1271 761 1398 832 delicta
1414 786 1504 856 quac
1519 762 1586 856 ipsi
1603 785 1678 836 non
1692 761 1879 848 norimus,
1903 788 1995 860 quae
2012 764 2042 834 si
2056 787 2142 858 pos—

90 864 315 942 Scholastico
337 865 521 951 ostendas,
544 867 726 959 quomodo
748 865 1000 956 intelligendae
1019 864 1090 936 sint
1142 863 1286 936 suntin
1310 864 1417 938 nobis
1439 859 1603 950 haerere,
1625 867 1807 959 quomodo
1821 867 1997 940 affirmare
2011 889 2140 960 possu-

90 967 161 1044 hae
175 970 453 1064 propositiones:
481 965 564 1038 lure
578 980 728 1038 naturae
740 990 842 1039 usum
857 991 977 1038 rerum
992 991 1091 1038 com-
1143 965 1242 1050 mus,
1268 963 1428 1038 nosDeo
1445 967 1583 1057 placere
1600 981 1666 1042 etc.
1716 961 1806 1038 Item
1822 971 2003 1062 quomodo
2019 971 2087 1040 scis
2103 983 2138 1042 tc

89 1097 238 1144 munem
269 1095 354 1142 esse.
407 1067 472 1154 Et,
516 1067 703 1140 Naturalia
736 1070 973 1142 immutabilia
1004 1091 1090 1156 csse,
1142 1067 1281 1159 placere
1301 1091 1382 1137 cum
1404 1067 1494 1139 scire
1514 1070 1891 1162 nonpossiscausam,
1917 1069 2047 1140 anscis
2064 1071 2137 1142 elc-

88 1173 140 1250 Et
156 1177 242 1270 quid
261 1177 305 1244 de
318 1169 512 1262 Augustini
527 1172 623 1241 dicto
640 1173 867 1243 sentiendum
883 1172 940 1244 sit.
992 1169 1089 1244 Haec
1142 1183 1230 1244 ctus.
1280 1167 1378 1240 Haec
1398 1185 1603 1260 argumenta
1627 1195 1701 1241 non
1722 1171 1847 1241 leviter
1869 1175 2016 1243 turbant
2032 1195 2139 1242 men·-

89 1295 153 1354 tua
173 1276 360 1370 explicatio
378 1275 482 1346 nohis
498 1273 615 1359 utilis,
639 1287 673 1344 et
691 1275 804 1344 doctis
819 1288 917 1365 grata
934 1274 1014 1344 erit.
1142 1285 1210 1356 tes,
1236 1295 1301 1342 nec
1317 1272 1394 1342 siae
1411 1295 1540 1363 magno
1558 1273 1750 1343 certamine
1769 1273 1913 1344 eluctari
1932 1299 1973 1344 ex
1992 1275 2136 1361 dubita-

486 1424 495 1443 .
642 1423 651 1442 .
802 1427 811 1444 .
1142 1373 1238 1444 tione
1254 1397 1452 1465 possumus.
1493 1373 1842 1470 Quanquamautem
1859 1377 2135 1467 speciosnesunt

195 1425 274 1502 0¹⁰
302 1443 423 1500 mm
445 1426 560 1496 mmm
585 1421 671 1510 Μ’
704 1421 902 1496 nmmum
925 1441 1088 1500 ”mmm
1141 1471 1207 1545 hae
1228 1476 1464 1561 obiectiones,
1489 1489 1608 1548 tamen
1635 1503 1700 1548 vox
1725 1477 1849 1547 divina
1871 1478 2057 1558 retinenda
2072 1491 2136 1568 cst,

89 1533 209 1606 lesum
224 1528 426 1614 Christum,
451 1543 491 1600 nt
513 1521 605 1598 hanc
621 1523 835 1616 Ecclesiam,
861 1543 895 1600 et
919 1523 985 1600 hos
1007 1553 1089 1600 coe.
1301 1579 1310 1596 ,
1367 1581 1376 1598 ,
1764 1579 1774 1598 ·

89 1653 148 1709 tus
174 1631 433 1718 scholasticos,
466 1643 503 1701 et
533 1645 586 1716 te,
621 1643 736 1700 servet
763 1645 797 1702 et
820 1631 1016 1721 gubernet,
1049 1645 1089 1702 ut
1141 1579 2134 1697 ‘1⁰³⁰¹⁰¹¹²⁸¹¹¹b⁰²⁰¹²d²¹⁸⁰¹²¹⁰³⁸⁸¹⁰¹¹⁰¹nP²⁰⁶³¹⁰¹¹¹¹ffls

89 1741 166 1834 ipse
190 1737 338 1810 anobis
361 1757 503 1830 quoque
528 1731 566 1802 in
590 1733 691 1804 omni
707 1733 916 1808 aeternitate
933 1733 1089 1806 celebre-
1140 1693 1402 1854 Ξῖῑὲἱὲῗῦῖἱω
1425 1683 1567 1854 ἀὲῗὲῑω·
1618 1679 1852 1802 Hu¹ff⁰s¹¹¹¹⁸⁸
1867 1677 2064 1775 P¹⁰Phffl⁰
2080 1695 2133 1754 ῑθ·

91 1857 162 1914 m„
217 1839 314 1912 Dixi,
1380 1808 1441 1876 per
1470 1811 1477 1852 ι
1507 1797 1588 1869 eut,
1630 1807 1875 1854 remissionem
1909 1799 2134 1878 pcccatorum

1141 1885 1392 1978 accipere'per
1421 1911 1553 1958 nomen
1584 1887 1659 1956 eins
1690 1885 1899 1980 omnesqui
1923 1888 2073 1958 credunt
2095 1887 2134 1958 in

1141 2011 1234 2063 eum.
1286 1987 1334 2060 Et
1351 1987 1549 2060 Paulusad
1571 1984 1749 2080 Ephesios
1761 1989 1917 2059 ostendit
1935 1989 2040 2058 fidem
2058 2013 2133 2060 csse

93 2115 120 2124 ··
143 2101 1085 2122 ··-*··“····“·”···“·““··“·““’““··““······““
1140 2090 1305 2160 lidnciam
1320 2093 1542 2162 accedentem
1560 2093 1603 2162 ad
1616 2091 1731 2162 Deum
1749 2090 1787 2158 in
1804 2091 1933 2161 fiducia
1950 2091 2133 2184 perfidem

1141 2193 1179 2261 in
1205 2193 1334 2285 ipsum.
1387 2193 1489 2266 Sicut
1511 2206 1545 2264 et
1567 2197 1611 2264 ad
1634 2190 1741 2265 Rom.
1764 2193 1897 2287 inquit:
1931 2185 2138 2286 Iustsficots’

122 2327 188 2400 No·
203 2321 265 2397 50·
851 2325 981 2400 23qu
995 2331 1088 2398 1552·
1142 2287 1212 2365 ade
1227 2317 1352 2392 pacem
1369 2289 1594 2366 habemuse!
1611 2316 1794 2366 accessum
1808 2288 1864 2364 ud
1874 2289 2008 2368 Deum.
2027 2275 2135 2368 ‘⁴⁰De-

105 2421 275 2454 ..xm
871 2423 1083 2462 »ον-υ
1142 2398 1251 2491 nique
1273 2397 1450 2470 amittitur
1471 2398 1662 2496 discrimen
1685 2397 1773 2489 legis
1795 2411 1829 2470 et
1847 2393 2034 2488 Evangelii
2052 2421 2135 2470 ctun

161 2557 257 2628 ffi·
314 2555 400 2632 w
415 2551 444 2610 ln
460 2552 530 2610 cot.
543 2549 629 2609 m·
666 2551 740 2608 M
764 2553 826 2608 stt.
1140 2501 1314 2570 docentur
1327 2495 1502 2584 homines,
1525 2501 1743 2570 manendum
1759 2521 1832 2568 esse
1845 2499 1884 2568 in
1899 2500 2135 2576 dubitatione.

260 2575 314 2630 Μ
740 2597 748 2613 ’
1142 2599 1225 2670 ldeo
1252 2601 1347 2670 enim
1371 2599 1561 2693 promissio
1578 2601 1842 2670 miserirordiae
1856 2602 1979 2672 addita
1994 2617 2067 2688 est,
2093 2617 2134 2674 ut

91 2733 473 2825 Quaesttoadomtm
487 2735 541 2804 M,
568 2725 734 2804 100050
760 2731 1088 2820 cumensem,
1140 2702 1384 2823 certi-simus,
1418 2702 1557 2772 etiamsi
1587 2701 1872 2822 somus-indigni
1897 2715 1931 2772 et
1956 2704 2135 2822 immundi

89 2845 268 2928 florem,
302 2843 345 2910 a„
370 2839 606 2930 promotione
635 2835 912 2929 M09mp⁰rum
937 2833 1089 2928 pumice
1139 2829 1249 2898 recrpr
1268 2821 1466 2926 nostram-en
1482 2803 1586 2876 aDeo
1602 2817 1747 2898 propter
1763 2807 1992 2926 mediatorem
2007 2805 2134 2882 fitium.

86 2948 263 3038 popofflfl
293 2943 334 3014 in
362 2937 495 3012 gemla
527 2933 787 3032 ''uehemens“
815 2933 876 3009 28
901 2933 965 3008 die
987 2943 1089 3014 Iunii
1139 2905 1238 2978 Haec
1262 2929 1449 2998 ΡΙὌΠΙΙΜΙΟ
1475 2932 1542 2978 Vox
1566 2923 1618 2978 θδῖ.
1632 2903 1819 2996 ΕἿᾶΠΒΕΙΙΙ
1836 2931 2000 2999 propria,
2026 2931 2133 3001 quam

102 3041 521 3120 “1211015529000220
541 3032 601 3112 M,
626 3041 834 3112 Mmpm,
861 3043 1075 3130 srmone,
1139 3011 1203 3104 qui
1227 3033 1299 3080 non
1326 3009 1584 3100 amplectantur
1599 3033 1737 3088 carcere
1756 3009 1841 3100 legis
1859 3009 1989 3102 captivi
2008 3024 2134 3105 teuen-¹

495 3139 682 3216 Bruma,
1139 3125 1209 3196 tur,
1234 3113 1411 3198 dubitant,
1436 3109 1720 3203 lugiuntDeurn,
1744 3127 1960 3184 ncccurant.
2011 3107 2135 3182 Evan-

1139 3214 1290 3306 gelium,
1315 3239 1396 3284 cum
1411 3213 1582 3286 Salomon
1598 3207 1666 3284 hoc
1680 3213 1795 3304 ipsum
1811 3213 1918 3298 velit,
1944 3215 1988 3282 de
2003 3213 2135 3285 volun·

90 3305 299 3409 Utrumque
330 3307 519 3382 honestum
543 3321 616 3395 est,
648 3323 683 3380 et
705 3331 772 3378 nos
796 3322 999 3380 reverenter
1022 3310 1088 3380 oh·
1139 3329 1211 3388 tate
1225 3313 1293 3385 Dei
1316 3330 1351 3386 et
1372 3316 1483 3407 ipsius
1507 3317 1616 3386 verbo
1639 3315 1870 3385 iudicandum
1887 3337 1979 3400 csse,
2001 3339 2076 3385 non
2092 3339 2134 3385 cx

87 3439 289 3512 temperare
314 3415 466 3486 utilibus
488 3411 661 3482 institutis
685 3412 944 3482 academiarum
972 3425 1005 3482 el
1026 3436 1089 3482 vos
1139 3418 1293 3489 externis
1315 3417 1523 3512 spectaculis
1545 3441 1665 3488 rerum
1691 3417 1925 3487 secundarum
1950 3431 1984 3488 et
2007 3419 2135 3487 adver-

88 3549 158 3619 pro
192 3535 304 3590 vestra
336 3512 557 3587 humanitate
587 3513 676 3584 boni
700 3515 885 3584 consulere
910 3515 1089 3586 orationes
1139 3543 1278 3606 aarum,
1313 3543 1404 3614 quac
1433 3520 1537 3590 honis
1567 3543 1607 3589 ac
1637 3520 1740 3589 malis
1771 3519 1936 3590 similiter
1957 3519 2134 3594 accidunt.

88 3649 239 3708 eornm,
265 3621 329 3716 qui
350 3643 424 3688 uon
448 3617 649 3708 arrogantia
673 3611 744 3687 huc
758 3619 803 3686 ad
820 3617 1011 3685 dicendum
1030 3641 1088 3688 ac·
1139 3620 1256 3692 David
1282 3645 1356 3694 non
1374 3635 1504 3692 statuat
1520 3645 1557 3690 se
1571 3646 1591 3692 a
1606 3619 1684 3692 Deo
1702 3620 1878 3692 abiectum
1896 3643 1969 3692 csse
1988 3633 2135 3716 propter

91 3729 242 3800 cedunt:
269 3725 328 3792 sed
348 3737 388 3792 ut
406 3719 582 3790 voluntati
602 3733 868 3811 praeceptorum
886 3732 921 3788 et
938 3744 1086 3789 constre-
1139 3725 1305 3806 exilium,
1330 3725 1392 3794 sed
1412 3725 1457 3796 de
1480 3723 1662 3794 voluntate
1680 3721 1744 3794 Dei
1770 3723 1904 3796 iudicet
1926 3747 1967 3796 ex
1981 3723 2135 3815 prornis-

92 3827 213 3904 tudini
236 3825 417 3898 obediant.
468 3820 566 3892 Haec
589 3845 670 3891 curn
694 3821 741 3891 ita
767 3821 856 3904 sint,
881 3835 961 3912 peto
983 3845 1002 3890 a
1024 3847 1088 3890 vo-
1139 3825 1255 3897 sione:
1294 3821 1486 3896 Dominus
1508 3819 1666 3896 obstulit
1688 3833 1884 3922 peccalum.
1950 3821 2132 3896 lerobeam

90 3933 166 4016 bis,
193 3945 233 4000 ut
255 3923 347 3998 hanc
370 3949 484 3997 meam
505 3923 704 3994 orationem
729 3923 903 4014 patienter
924 3923 1086 3995 audiatis.
1139 3952 1214 3999 non
1236 3941 1365 4001 statuat
1387 3949 1423 4000 se
1438 3925 1516 3999 Dao
1541 3927 1678 4020 placere
1703 3941 1888 4020 propterea
1911 3928 1996 4022 quia
2011 3928 2057 3998 ad
2074 3951 2133 3997 rc-

91 4035 136 4106 ln
162 4057 231 4128 qua
251 4027 320 4100 hoc
337 4051 478 4123 qnoque
496 4027 700 4120 praestabo,
728 4049 772 4093 ue
788 4025 970 4116 prolixitas
986 4027 1088 4096 vobis
1139 4055 1249 4123 gnum
1283 4045 1425 4103 evectus
1457 4045 1526 4116 est,
1567 4045 1603 4102 et
1630 4029 1788 4122 potentia
1820 4043 1854 4101 et
1878 4029 1991 4120 gloria
2016 4029 2131 4103 floret.

88 4135 239 4208 molesta
254 4134 310 4206 sit.
365 4129 542 4204 Utautem
558 4129 728 4199 usitatum
745 4141 816 4206 est,
842 4129 1086 4220 quaestionem
1139 4133 1210 4207 Sed
1240 4157 1321 4205 enm
1346 4133 1460 4226 prosit
1483 4157 1557 4204 non
1584 4133 1700 4204 solum
1725 4134 1768 4203 sd
1793 4131 2010 4202 erudiendos
2032 4129 2133 4217 alios,

89 4237 154 4311 hic
183 4256 400 4330 proponere,
433 4231 533 4302 cuius
560 4228 747 4322 explicatio
776 4231 1087 4302 commonela'ctio·
1138 4235 1319 4307 sedetiam
1337 4237 1383 4306 ad
1400 4235 1577 4329 nosipsos
1595 4235 1857 4306 confirmandos
1875 4233 2135 4326 perspicucrca'
2247 4273 2253 4282 ·

90 4365 177 4412 nem
202 4339 325 4412 utilem
352 4333 528 4414 continet,
559 4331 697 4401 decrevi
721 4325 855 4401 dehac
879 4333 1087 4426 quaestione
1138 4337 1245 4408 lutari
1256 4351 1485 4428 argumenta,
1510 4361 1601 4432 quae
1615 4337 1741 4408 iubent
1754 4334 1938 4421 dubitare,
1963 4345 2066 4428 peto,
2091 4347 2133 4407 nt

91 4445 279 4515 disserere.
337 4435 440 4560 Quae
468 4435 516 4508 sit
544 4434 717 4506 sententia
749 4433 835 4504 dieti
865 4433 1086 4505 Salomonis:
1138 4437 1371 4512 Reverendus
1397 4440 1454 4508 vir
1475 4453 1511 4510 et
1526 4437 1661 4510 Doctor
1676 4431 1875 4508 Forsterus
1896 4438 1940 4508 de
1967 4431 2033 4508 hac
2056 4437 2132 4528 ipss

93 4539 223 4618 Nescit
251 4535 361 4612 homo
387 4559 549 4610 amorem
572 4543 603 4604 st
626 4530 752 4606 odium
774 4534 938 4605 omnium
962 4557 1086 4606 caram
1137 4543 1344 4636 quaestione
1360 4541 1538 4634 copiosius
1555 4564 1612 4610 me
1629 4554 1663 4611 ct
1679 4553 1834 4610 caeteros
1851 4541 2031 4612 auditores
2048 4561 2131 4610 eru·

93 4649 189 4746 ipsu.
239 4641 288 4718 Et
304 4667 350 4714 an
367 4637 757 4738 SynodnsTridentina
774 4653 867 4710 recte
881 4639 1086 4720 decreverit,
1136 4643 1222 4714 diat.
2048 4673 2052 4680 ·

93 4773 235 4842 semper
262 4748 481 4816 manendum
506 4763 581 4812 csse
603 4743 641 4812 in
664 4741 905 4825 dubitatione,
937 4763 983 4810 an
1007 4742 1087 4833 pla-

93 4875 236 4924 ceamus
251 4845 340 4920 Deo.
392 4843 525 4916 Notum
543 4855 595 4914 est
610 4867 765 4936 sparsam
782 4866 856 4913 esse
872 4855 955 4914 ante
972 4843 1084 4914 multa

91 4955 231 5028 saecula
257 4952 295 5020 in
317 4945 513 5024 Ecclesiam
538 4961 573 5018 et
589 4962 704 5018 extare
728 4947 766 5014 in
790 4945 929 5038 scriptis
950 4945 1085 5018 multo·

91 5080 175 5130 rum
191 5049 282 5124 hanc
301 5049 534 5143 perniciosam
548 5047 774 5140 opinionem,
798 5071 888 5140 qnae
904 5047 1003 5118 iubet
1018 5041 1085 5118 ho-

92 5159 208 5232 rnines
234 5177 376 5226 manere
398 5153 437 5222 in
459 5151 701 5230 dubitatione,
736 5175 782 5220 an
806 5149 885 5219 Deo
908 5147 1085 5240 placeant:
1144 5119 1316 5250 Q
1884 5121 2130 5249 Q

91 5261 180 5358 quis
195 5255 372 5330 buroam
386 5253 518 5325 rationi
532 5253 675 5324 videtur
689 5251 890 5344 arrogantia
900 5273 984 5336 esse,
1009 5275 1084 5321 rem

91 5379 229 5437 tantam
256 5358 461 5441 adfirmare,
493 5355 590 5450 quod
612 5349 690 5424 Deo
715 5355 932 5447 placeamus,
963 5367 997 5424 et
1026 5377 1085 5424 ar·
1207 5339 1553 5472 hffifffiflnffltp
1585 5335 2129 5492 ''rdssdiffl'diffliffl

96 5475 264 5558 gumenta
286 5483 359 5530 non
384 5457 478 5530 levis
501 5457 648 5529 turbent
669 5451 845 5528 homines.
907 5451 1085 5528 Iudicium
1242 5477 1398 5552 masana,
1420 5481 1454 5535 st
1468 5483 1840 5544 «montemaureum
1855 5490 1926 5537 rents
1941 5489 2129 5554 typam.

1415 5549 1498 5630 52·

1149 4935 1694 4956 *numam-p-
1698 4937 1863 4952 ...ι-ψ...-
1867 4935 2133 4972 *Ῥ-
