4686 6172
267 245 344 322 927
479 323 481 327 ,
756 235 1064 332 ALLOQUlA
1085 235 1165 318 ET
1197 239 1434 322 Bttuvtts
1465 242 1818 324 CONCIONES.
2196 265 2246 339 ρει

273 421 351 490 mos
367 413 548 510 publicus,
575 414 632 486 cui
650 413 842 506 plurimum
865 414 1054 496 debemus,
1080 439 1268 486 conserve·
1332 419 1399 494 No.
1418 421 1477 493 18.
1712 493 1719 504 ,
2089 455 2129 499 on
2158 437 2228 506 tttt,

146 549 148 552 ·
273 537 345 592 tur.
396 517 505 590 Nune
535 517 717 588 afferimus
745 511 1027 609 philosophicam
1056 517 1269 612 disputatio·
1333 517 1506 548 Μ
1911 587 1915 600 ,
2079 523 2244 570 ⁸⁶⁸⁵·

272 647 375 707 nem,
400 643 491 714 quae
513 620 617 690 etiam
638 619 793 690 formare
815 633 849 690 et
863 643 988 690 acuere
1003 619 1135 692 iudicia
1151 621 1195 691 de
1213 647 1270 692 re-
1389 633 1411 699 ψ
1429 629 1465 686 tx
1478 629 1662 690 bttaeettmet·
1673 649 1756 687 nanu
1770 629 1877 704 aertptt·
1891 629 2109 697 summane
2121 635 2176 693 titt
2188 637 2247 698 sou.

273 727 340 798 bus
357 747 433 794 nou
451 722 720 793 contemnendis
736 722 877 814 poterit.
928 719 1020 792 Nam
1037 722 1270 818 indoctiqui-
1425 698 1816 774 “⁸·s⁰¹·¹¹⁰·²⁴⁰·⁹·⁷⁸⁵·

271 829 354 898 dam
378 825 466 895 falso
492 823 676 916 religionis
700 839 882 916 praetextu
912 825 1041 917 passim
1066 825 1271 917 vituperant
1375 882 1383 900 .
1609 885 1617 902 .
1686 884 1695 902 .
1794 885 1803 902 .
1941 883 1950 902 .
2230 893 2236 910 ,

272 921 549 1022 philosophiam.
595 922 777 1008 Adversus
793 926 880 996 tales
895 927 1064 996 fanaticas
1081 927 1270 1020 opiniones
1321 879 1411 952 ‘um
1442 876 1638 977 mmm
1679 903 1721 954 ⁸²⁸
1750 877 2057 1004 „ammam”
2093 879 2135 956 α’
2161 905 2250 961 “⁸⁹¹⁸

273 1053 488 1120 magnopere
512 1029 656 1121 prodest
680 1029 820 1098 counire
844 1029 980 1098 animos
995 1031 1088 1099 veris
1104 1046 1139 1102 et
1160 1029 1271 1100 firmis
1581 1007 1649 1078 W
1672 983 1864 1058 amm·
1918 985 1968 1054 Φ·
1992 985 2048 1055 Μ·

273 1132 485 1206 rationibus.
535 1129 628 1201 Nam
651 1130 809 1221 vulgaria
832 1145 1058 1221 argumenta,
1087 1156 1177 1226 quae
1196 1155 1270 1200 non
1322 1119 1514 1222 Principio
1537 1146 1618 1224 peto
1645 1155 1665 1202 a
1692 1133 1815 1219 vobis,
1848 1131 2118 1218 commilitones,
2139 1139 2251 1209 utboni

275 1246 477 1304 monstrant
497 1255 618 1302 rerum
638 1233 774 1316 fontes,
798 1233 900 1302 laclle
914 1235 1142 1306 excertiuntur
1154 1229 1273 1304 homi·
1323 1232 1538 1315 consulatis,
1563 1236 1592 1304 si
1610 1257 1684 1304 non
1701 1235 1785 1305 satis
1800 1237 1922 1306 dextre
1939 1235 2083 1306 videbor
2098 1232 2175 1308 banc
2194 1265 2251 1330 pro-

275 1337 394 1410 nibus.
455 1332 554 1424 Quid
587 1347 703 1404 autem
739 1337 784 1406 de
817 1336 990 1425 dignitate
1026 1331 1272 1430 philosophiae
1324 1335 1496 1417 vinciam,
1517 1361 1623 1430 qssam
1644 1335 2074 1430 suscepi,administrare.
2104 1337 2251 1426 Nosenin,

276 1439 394 1531 aptius
416 1451 451 1508 et
475 1435 617 1526 gravius
641 1437 713 1506 dici
732 1450 867 1530 potest,
901 1461 1008 1530 quam
1034 1441 1130 1532 quod
1154 1439 1192 1508 in
1216 1432 1273 1506 bis
1323 1440 1385 1533 qui
1403 1431 1462 1507 hic
1476 1439 1727 1529 producimur,
1753 1439 1865 1528 magis
1886 1439 2118 1510 obedientiam
2139 1457 2251 1548 posnan

275 1538 582 1633 propositionibus
598 1539 753 1610 breviter
766 1539 974 1631 posuimus?
1006 1537 1224 1612 Addidimus
1240 1552 1274 1608 et
1324 1555 1358 1612 et
1373 1539 1530 1610 studium
1547 1541 1692 1632 probari
1709 1541 1875 1610 volumus
1888 1541 2169 1634 praeceptoribus,
2180 1569 2249 1637 qinn

276 1656 454 1713 sectarum
473 1641 749 1726 controversias,
774 1665 925 1734 quarum
944 1643 1130 1733 explicatio
1151 1641 1274 1712 multi·
1327 1665 1476 1713 acumen
1499 1655 1533 1710 et
1558 1643 1770 1714 doctrinam.
1828 1641 1969 1714 Videtis
1999 1656 2109 1714 autem
2129 1640 2178 1714 bie
2197 1669 2249 1736 pro·

278 1745 387 1836 plices
402 1739 508 1814 habet
522 1743 694 1813 utilitates
711 1757 744 1812 et
760 1757 852 1813 certe
868 1744 1024 1833 co'gnitio
1039 1744 1195 1814 liberalis
1211 1757 1273 1816 est.
1328 1743 1412 1836 poni
1430 1767 1570 1815 causam
1587 1744 1858 1835 amplissimam,
1884 1769 1977 1839 quae
1998 1746 2151 1816 omnibus
2168 1747 2248 1814 seculis

278 1843 365 1918 Peto
388 1845 515 1934 igitur,
541 1859 580 1914 ut
602 1849 745 1916 eumad
768 1841 860 1916 hane
875 1847 1171 1938 disputationem,
1192 1858 1274 1914 tum
1326 1847 1484 1917 exercuit
1508 1869 1583 1914 non
1605 1847 1722 1916 solum
1745 1861 1886 1918 nostros
1910 1843 2073 1917 homines
2091 1847 2243 1940 peritosdo·

277 1950 323 2018 ad
341 1947 429 2018 alias
452 1971 517 2039 pro
536 1959 650 2016 vestra
673 1942 893 2018 humanitate
915 1947 1276 2037 benigneeonleratia
1328 1949 1464 2020 ctrinne
1489 1942 1723 2034 christianae,
1756 1949 1817 2019 sed
1849 1949 1956 2020 etiam
1983 1961 2111 2020 veteres
2140 1945 2241 2039 pbilos-

279 2073 440 2142 operam;
474 2047 602 2118 deinde
626 2061 666 2118 ut
687 2049 775 2120 boni
792 2050 1009 2136 consulatis,
1039 2051 1178 2132 sinos,
1213 2049 1276 2144 qui
1327 2045 1429 2144 pbos.
1481 2048 1640 2130 Maxima
1657 2051 1753 2120 enim
1769 2051 2012 2123 controversia
2026 2049 2247 2123 estStoieisson

278 2149 346 2222 hoc
361 2152 440 2221 loco
456 2149 729 2242 respondemus,
755 2175 942 2244 personam
957 2166 1114 2222 nostram
1130 2177 1205 2222 non
1220 2175 1277 2220 sa·
1328 2153 1409 2224 aliis
1427 2152 1529 2222 sectis
1552 2153 1686 2223 delato
1704 2167 1739 2224 et
1761 2155 1807 2224 de
1825 2154 2045 2228 necessitate.
2093 2152 2248 2244 Quanquam

280 2254 327 2324 tis
342 2256 463 2322 dextre
478 2253 572 2322 tueri
589 2251 802 2322 videbimur.
846 2251 969 2326 ,Totus
985 2254 1079 2322 enim
1096 2248 1155 2322 hir
1171 2254 1278 2323 ludus
1327 2268 1444 2326 autem
1458 2249 1803 2326 hoclocorestanta
1814 2279 1887 2325 noo
1904 2256 1991 2326 satis
2007 2255 2250 2348 explicaripotest,

282 2379 355 2425 non
382 2355 424 2424 ad
452 2352 588 2443 ingenii
606 2356 897 2440 ostentationem,
922 2357 983 2425 sed
999 2358 1042 2426 ad
1062 2356 1279 2441 exercitium,
1329 2369 1448 2427 tamen
1471 2358 1616 2448 prodest
1635 2357 1760 2426 audire
1775 2371 1957 2428 tantamm
1971 2381 2090 2428 rerum
2104 2357 2208 2450 capita,
2222 2375 2249 2420 nt

281 2482 354 2550 quo
388 2455 541 2526 maxime
572 2479 663 2548 opus
697 2471 749 2528 est
781 2455 967 2545 studiosis,
1005 2457 1190 2530 institutus
1215 2470 1277 2531 eat.
1327 2467 1473 2550 prorsus
1496 2460 1603 2530 rudes
1624 2459 1736 2530 simus
1757 2455 1884 2530 barum
1909 2459 2183 2552 disputationum.
2220 2447 2250 2522 Et

279 2557 377 2634 Diri.
1258 2551 1261 2557 ’
1328 2561 1487 2653 prolecto
1523 2562 1710 2644 conducit,
1750 2564 1942 2632 admonere
1979 2562 2160 2644 studiosos,
2181 2553 2246 2626 otio

1330 2685 1488 2748 summa,
1513 2663 1601 2758 quid
1625 2663 1851 2736 sentiendum
1872 2665 1936 2749 sit,
1964 2679 2119 2750 teneant,
2140 2675 2171 2732 ut
2188 2679 2250 2750 pnt-

1331 2765 1544 2836 muniantur
1564 2767 1733 2838 adversus
1757 2766 1896 2858 ineptos
1919 2769 2138 2859 quorundam
2158 2755 2251 2852 opinio

1329 2890 1411 2951 nes,
1434 2891 1525 2960 quae
1543 2867 1707 2958 religioni
1730 2883 1763 2940 et
1782 2868 1935 2960 publicis
1955 2870 2113 2939 moribus
2131 2857 2251 2958 periculo

202 3001 209 3010 ·
293 2961 361 3034 Nn.
381 2962 441 3034 12·
1084 2966 1280 3048 (en-1534.)
1329 2983 1497 3039 saesunt.
1547 2967 1638 3040 Cum
1655 2983 1773 3040 autem
1795 2970 1969 3040 maximas
1986 2971 2146 3042 utilitates
2162 2963 2251 3035 aulem

293 3055 465 3088 *Ν
1099 3057 1272 3088 “⁴‘'
1329 3071 1472 3141 soleatis
1489 3066 1545 3140 bis
1561 3073 1740 3158 materiis,
1757 3095 1847 3167 quae
1863 3067 1922 3142 hic
1936 3084 2185 3166 proponuntur,
2202 3083 2253 3132 cot·

351 3167 623 3240 †Eerstelllttels
637 3191 720 3226 mm
733 3171 845 3246 “triplis
859 3158 1002 3242 3Ιῷἢωί
1012 3175 1102 3230 Rt'ut't'
1111 3177 1141 3230 lu
1155 3171 1280 3230 biblioth.
1331 3173 1517 3254 veniebat,
1543 3195 1607 3242 vos
1621 3179 1664 3243 ad
1683 3175 1938 3264 disputandum
1956 3177 2114 3246 conferre
2126 3171 2253 3262 aliquallld

368 3235 568 3297 '⁶⁰¹²‘0‘M'
583 3239 804 3314 ⁸⁰·²⁴⁰·P·⁷⁸·
1333 3275 1415 3367 plus
1438 3297 1587 3368 operae,
1620 3299 1667 3345 ne
1699 3277 1801 3346 vobis
1833 3276 1901 3368 ipsi
1936 3277 2057 3348 deesse
2089 3262 2254 3344 videremini

309 3409 511 3510 Praefatio
535 3425 623 3491 unte
643 3415 946 3512 disputationem
974 3419 1254 3520 Witteabe'rpue.
1329 3375 1452 3471 N⁶q¹¹⁰
1474 3378 1570 3497 {mim
1597 3379 1766 3466 ‘mimi
1787 3377 1960 3498 ’Μῗῑξῗῧῗ
1978 3392 2140 3499 P⁰⁸⁸¹¹¹3b
2166 3368 2217 3442 ⁰5⁵5
2232 3365 2255 3432 3⁰

718 3523 767 3592 cp,
791 3524 851 3594 M·
1329 3493 1573 3550 contentione.
1623 3474 1801 3552 Etvestra
1826 3482 2017 3552 asssdurtas
2034 3489 2181 3550 excitaret
2193 3489 2256 3562 prae·

464 3666 496 3682 ¹·
1330 3595 1489 3670 ceptores
1510 3597 1545 3652 et
1569 3581 1703 3654 levaret
1734 3583 1785 3654 eis
1812 3583 2014 3656 molestiam
2042 3579 2142 3655 huius
2162 3567 2255 3648 abab

149 3697 155 3711 ·
284 3647 514 3740 comumnes
529 3667 729 3740 exercitatio
745 3670 887 3740 dicendi
904 3695 1050 3762 magnos
1062 3673 1164 3746 affert
1178 3675 1279 3746 utili·
1328 3679 1436 3752 Dixi„
2093 3692 2094 3696 ’

285 3782 392 3852 rates,
425 3782 503 3838 turn
529 3763 615 3838 baec
645 3771 735 3840 ratio
759 3773 965 3864 disputandi
989 3775 1153 3868 inprimis
1183 3779 1278 3850 acuit

286 3869 534 3954 adolescentes,
559 3870 598 3940 iu
612 3897 682 3964 qua
696 3873 826 3946 diserte
838 3879 1072 3948 ostendantur
1085 3901 1275 3968 argumen-
1333 3911 2259 3948 ------------—---—---=----····

287 3988 407 4044 turum
432 3985 564 4062 partes,
596 3985 632 4044 et
655 3991 890 4063 monstratur,
922 3979 961 4050 in
979 4003 1047 4072 qua
1069 3995 1169 4072 parte
1191 3983 1277 4054 vitia
1664 3983 1670 3997 ’

288 4076 372 4146 sint.
423 4073 609 4162 Qrtsntum
642 4091 759 4148 andem
792 4079 880 4150 lutis
912 4081 1089 4172 accipiant
1115 4107 1278 4174 magnae,
1342 4108 1407 4179 No,
1427 4108 1485 4181 14,
2108 4116 2165 4195 (aa.
2187 4097 2260 4176 llll.)

288 4179 457 4247 obscurae
472 4189 505 4244 et
519 4176 701 4248 intricatae
717 4205 839 4250 retusae
852 4207 892 4252 ex
907 4178 970 4252 bac
985 4184 1107 4252 subtili
1123 4189 1276 4275 partium
1334 4204 1507 4265 *Ὗ
2101 4195 2258 4240 *⁶⁴⁹

286 4277 425 4370 analysi
447 4292 552 4371 atque
575 4281 826 4371 explicatione,
857 4285 958 4354 facile
981 4285 1131 4354 iudicari
1153 4302 1277 4379 potest.
1396 4325 1416 4392 ,e
1443 4321 1479 4374 Ε,
1511 4318 1650 4385 Scepbem·
1669 4321 1759 4377 mma
1783 4321 1969 4383 mnus,
1994 4331 2059 4380 net.
2084 4319 2112 4374 ts
2136 4299 2261 4371 bittunt

288 4372 404 4462 Plato
421 4404 501 4448 vere·
516 4395 550 4452 et
570 4383 723 4472 graviter
740 4386 846 4469 dixit,
871 4381 962 4456 haenc
980 4387 1073 4456 viam
1089 4403 1195 4481 atque
1220 4415 1278 4464 re·
1435 4411 1482 4446 ¹²⁰·
1493 4393 1555 4446 ²⁴⁰·
1573 4393 1632 4448 5⁰¹·
1646 4413 1673 4466 t·
1689 4393 1756 4450 ⁵9⁵·

288 4481 426 4553 tionem
456 4481 577 4550 manen
607 4497 711 4579 atque
739 4487 918 4580 llammam
943 4512 1015 4558 esse
1038 4489 1211 4562 divinitus
1232 4496 1276 4564 ad

289 4579 451 4654 homines
468 4585 684 4659 translatam.
719 4588 840 4677 Quare
859 4590 1015 4660 libenter
1028 4591 1065 4660 in
1084 4587 1138 4660 bis
1153 4595 1278 4686 dispu-
1332 4567 1557 4640 mmmm
1584 4571 1683 4641 (ωηο
1710 4577 1869 4644 mim
1895 4567 2120 4664 PMHW
2142 4537 2262 4636 Μ’.)

216 4739 219 4745 ,
289 4686 484 4758 totiouibus
501 4710 659 4758 exercere
673 4713 710 4758 se
726 4691 874 4761 studiosi
891 4696 1021 4762 debent
1034 4708 1068 4764 et
1085 4695 1182 4764 illam
1198 4721 1279 4768 coe-
1332 4715 1430 4804 (jum
1455 4745 1701 4821 praeceptore,
1716 4732 1831 4801 nomi
1855 4730 2067 4802 mandarint
2083 4719 2178 4806 mihi,
2197 4724 2225 4784 ut
2240 4705 2262 4774 io

289 4789 413 4858 lestem
438 4787 616 4858 {lammam
641 4793 861 4866 exsuscitare.
913 4792 1000 4864 vidi
1018 4819 1082 4884 ego
1101 4815 1280 4890 quassatas
1332 4826 1400 4902 hoe
1427 4826 1678 4902 honestissimo
1701 4846 1806 4905 eoem
1829 4835 1874 4904 de
1909 4857 2013 4904 mm
2045 4853 2141 4921 ,gam
2166 4811 2262 4912 gratim

294 4903 389 4962 mota
409 4889 483 4958 lace
501 4911 654 4962 erescere
678 4893 856 4978 llammas,
882 4911 916 4966 et
935 4921 1057 4966 rursus
1075 4900 1176 4968 nullu
1193 4927 1280 4970 cou-
1331 4936 1487 5022 gaudeo,
1513 4929 1601 5002 mphi
1618 4957 1676 5004 e„
1692 4949 1809 5028 pm„
1825 4938 1923 5006 dm,
1939 4959 2034 5020 ,Μ’
2059 4933 2097 5002 in
2112 4926 2217 5022 quibus
2229 4907 2262 4980 ol·

292 4991 569 5108 cutientemori.
625 4992 664 5062 ld
689 4998 845 5084 profectu
868 4999 996 5068 accidit
1018 5015 1053 5070 et
1077 5001 1113 5068 in
1141 4997 1206 5070 hac
1232 5028 1279 5076 re.
1331 5036 1449 5106 fidum
1474 5037 1585 5128 magi,
1607 5061 1713 5132 quam
1735 5037 1942 5134 eloquenti,
1965 5047 2148 5131 spectatur,
2188 5021 2261 5112 Spett

293 5090 525 5179 Extingurtur
548 5091 614 5164 hoe
634 5098 782 5168 coeleste
805 5125 956 5184 attamen,
987 5101 1055 5170 nisi
1079 5103 1230 5190 agitetur
1247 5121 1282 5178 et
1413 5139 1418 5150 ·

294 5195 497 5286 quaerendo
513 5220 553 5262 ac
571 5197 784 5286 disputando
798 5217 1008 5276 exerceatur.
1043 5202 1165 5297 ltaque
1178 5230 1280 5298 spero
1337 5212 1543 5223 ’“““”““““

294 5318 357 5364 vos
380 5294 528 5367 islorutn
549 5299 684 5384 studia,
716 5301 776 5392 qui
801 5295 858 5370 hic
881 5305 1083 5394 disputant,
1111 5331 1183 5376 00„
1209 5333 1282 5378 ωε
1366 5305 1399 5370 *)
1417 5302 1524 5370 Seripta
1540 5311 1580 5356 est
1593 5301 1678 5356 oratio
1699 5301 1728 5358 in
1742 5322 1822 5360 usum
1835 5303 1971 5373 studiosi,
1990 5313 2021 5357 rat
2040 5285 2260 5358 neminemid?

292 5419 539 5488 reprensuros,
564 5401 624 5486 sed
644 5402 756 5470 multo
773 5405 883 5492 usagio
900 5408 1124 5506 probaturv,
1162 5407 1257 5480 Dixi.
1396 5371 1636 5497 ffilffiat'iix·
1648 5371 1765 5438 arcton..
1785 5381 1815 5428 ot
1829 5375 1951 5438 attenua,
1969 5373 2071 5446 potu
2087 5375 2168 5441 agen
2182 5360 2260 5414 uoto
2283 5391 2284 5483 p
