4652 6178
64 303 132 377 tut
646 287 1067 395 QUAESTIONES
1101 291 1504 375 ACADEMICAE.
1645 315 1648 322 ’
2011 299 2089 374 tat

60 477 134 570 gnis
156 467 344 546 doloribus
365 471 502 559 cordis,
543 489 578 547 et
598 487 743 568 propter
763 475 849 545 alias
873 473 1043 570 quasdam
1096 467 1179 558 nis,
1203 479 1237 542 et
1256 467 1461 554 similium,
1488 469 1584 543 tales
1607 470 1719 546 etiam
1738 468 1912 574 placeant
1927 469 2029 553 Deo,
2054 481 2086 542 et

59 601 195 658 causas,
236 590 363 646 natura
384 587 504 644 tamen
530 577 703 668 expellere
728 591 861 648 stercus
882 589 1044 655 conatur,
1095 572 1172 644 sint
1188 567 1365 645 haeredes
1381 573 1688 648 eitueoeteruae?
1722 575 1826 649 Hane
1840 579 2083 678 quaestionem
2201 646 2207 662 ,

60 681 156 777 quod
180 701 260 749 cum
279 699 353 748 non
368 677 538 770 recipitur
551 681 597 749 ab
613 678 843 750 inferioribus
855 677 1045 762 intestinis,
1097 675 1251 748 arbitror
1266 677 1347 748 ideo
1371 677 1516 770 dignam
1536 701 1610 748 esse
1632 675 1883 771 explicatione,
1906 691 1947 752 ut
1969 677 2083 750 disca·

57 798 151 856 retro
174 781 321 874 pellitur
342 803 383 848 ex
407 780 654 870 gracilioribus
678 781 858 852 intestinis
878 781 923 852 ad
947 779 1045 851 orili-
1095 801 1195 860 mus,
1216 779 1281 851 ubi
1296 793 1331 850 et
1344 803 1433 874 quae
1448 782 1493 851 sit
1508 777 1663 852 Ecclesia
1677 779 1764 868 Dei,
1787 796 1925 880 etquae
1940 781 1985 852 sit
2000 801 2083 850 vera

57 887 151 956 cium
168 881 378 966 ventriculi,
403 884 499 952 unde
516 885 560 952 ad
578 884 696 974 gulam
716 885 884 957 ascendit.
1033 899 1036 906 '
1096 881 1294 966 invocatio,
1312 907 1403 976 qnae
1418 883 1560 976 propria
1578 879 1759 954 Ecclesiae
1774 885 1946 958 doctrina.

157 983 405 1064 Hucaccedit,
431 997 472 1054 ut
485 981 647 1054 Galenus
665 985 769 1071 dicit,
791 987 885 1080 quod
909 979 1046 1054 ventri·
1196 981 1358 1053 Primum
1381 985 1476 1054 enim
1500 1009 1565 1078 pro
1595 985 1758 1074 gentibus
1787 987 1899 1058 multa
1930 981 2086 1077 speciose

57 1089 176 1174 tulus,
203 1085 458 1156 manenteeius
480 1087 635 1156 naturali
660 1087 808 1162 virtute.
840 1087 946 1156 etiam
969 1085 1046 1178 pel·
1097 1083 1276 1157 dicuntur.
1319 1083 1401 1155 Non
1418 1087 1585 1176 ignorant
1598 1085 1732 1172 Deum,
1756 1089 1816 1160 sed
1832 1111 1951 1158 revera
1967 1085 2085 1156 sciunt

56 1192 95 1261 lit
116 1213 277 1271 sursum,
304 1211 379 1256 earu
404 1189 611 1278 praesertim
633 1189 810 1273 illuviem,
836 1211 926 1284 quae
948 1211 1047 1258 mor·
1096 1211 1206 1258 unam
1221 1209 1294 1256 esse
1307 1201 1482 1258 aeternam
1496 1205 1650 1260 mentem
1662 1189 1822 1280 opificem
1835 1189 1973 1260 mundi.
2008 1183 2085 1255 lmo

57 1297 114 1364 det
129 1289 389 1373 ventriculum,
416 1289 531 1381 qualis
547 1304 640 1361 certe
654 1304 705 1360 est
720 1291 873 1375 illuvies,
898 1290 956 1360 cui
970 1303 1047 1359 atra
1099 1301 1134 1358 et
1149 1287 1252 1358 Plato
1270 1290 1507 1360 eruditissime
1522 1291 1647 1362 debuit
1659 1289 1775 1362 Deum
1792 1293 1972 1386 inquiens:
1989 1285 2086 1358 Deus

57 1396 140 1466 bilis
158 1393 343 1476 miscetur,
370 1413 460 1483 quae
475 1391 618 1484 quidem
636 1393 774 1462 moveri
790 1393 879 1462 solet
894 1393 933 1461 in
950 1414 1048 1460 moe-
1098 1403 1265 1460 estmens
1289 1405 1445 1480 aeterna,
1479 1394 1684 1462 carisaboni
1706 1392 1745 1464 in
1770 1408 1906 1466 natura.
1960 1390 2089 1464 Sciunt

59 1497 170 1568 stiria.
221 1494 318 1564 llaec
335 1493 503 1561 videntur
519 1494 697 1586 aliquibus
712 1494 947 1585 probabiliter
963 1492 1047 1578 dici,
1099 1491 1203 1564 etiam
1225 1493 1333 1582 legem
1351 1491 1438 1579 Dei,
1461 1507 1495 1564 et
1518 1495 1623 1565 multi
1643 1497 1925 1567 antecelluerunt
1948 1493 2088 1584 sapien-

59 1601 222 1680 sedate,
256 1594 312 1663 vir'
326 1594 579 1679 eruditissime,
602 1593 648 1666 D.
666 1591 845 1682 Erusme,
872 1595 1048 1688 copiosio-
1098 1595 1167 1680 tia,
1194 1595 1343 1682 virtute,
1362 1597 1607 1686 magnitudine
1624 1621 1742 1668 rerum
1756 1613 1949 1688 gestarum,
1973 1595 2088 1685 impe-

58 1725 131 1772 rem
150 1696 418 1790 explicationem
433 1696 642 1784 flagitamus.
1099 1697 1182 1782 riis,
1208 1697 1442 1782 successibus,
1467 1697 1530 1792 qui
1547 1711 1630 1770 sunt
1645 1699 1813 1770 beneficia
1830 1699 1917 1786 Dei,
1940 1709 1974 1767 et
1989 1695 2087 1768 testi-

161 1798 331 1869 luventus
353 1820 437 1865 vero
465 1793 532 1868 hoc
557 1799 737 1888 singulare
764 1821 875 1890 genus
902 1821 1048 1892 poenae,
1099 1799 1219 1869 monia
1237 1801 1453 1889 praesentiae
1467 1798 1547 1875 Dei.
1598 1799 1695 1890 Ergo
1720 1797 1759 1871 hi
1784 1825 1925 1896 quoque
1946 1799 2089 1890 placue-

60 1927 128 1998 qua
158 1895 354 1992 blasphemi
379 1898 495 1968 allecti
518 1899 705 1990 leguntur,
736 1901 982 1984 meminerint,
1014 1913 1049 1970 et
1099 1913 1187 1971 runt
1217 1899 1310 1970 Deos
1353 1925 1418 1971 nee
1446 1903 1602 1974 videtur·
1620 1917 1915 1988 consentaneum,
1951 1913 2088 1972 tantam

59 2027 94 2074 se
111 2003 246 2094 singuli
267 1999 525 2088 adsuefaciant,
550 2017 589 2074 ut
613 2027 694 2072 vera
718 2003 829 2072 animi
851 2003 1049 2074 reverentia
1100 2001 1385 2089 multitudinem,
1407 2003 1522 2074 solum
1536 2007 1581 2074 ad
1599 2021 1782 2075 aeternnm
1801 2005 1948 2076 exitium
1964 1999 2091 2074 condi·

59 2103 177 2176 Deum
200 2105 335 2184 colant,
362 2116 395 2172 et
419 2102 495 2172 eius
518 2101 753 2194 Evangelium
781 2105 1049 2198 amplectantur.
1102 2119 1172 2176 tam
1189 2126 1281 2188 esse,
1306 2119 1366 2175 aut
1382 2107 1492 2176 tantis
1505 2106 1701 2177 virtutibus
1717 2109 1846 2178 trustra
1865 2131 1925 2177 eos
1945 2115 2090 2175 ornatos

61 2205 162 2280 Dixi.
1101 2205 1220 2278 fuisse.
1282 2201 1331 2276 Et
1363 2204 1497 2278 Paulus
1528 2207 1662 2303 inquit:
1704 2207 1832 2280 Nonne
1866 2223 1901 2280 et
1932 2205 2093 2298 gentium

1103 2305 1200 2378 Deus
1218 2305 1292 2374 est?

1204 2404 1419 2502 Quanquam
1444 2423 1563 2480 antem
1585 2405 1672 2480 haec
1704 2435 1769 2503 pro
1802 2411 1967 2502 gentibus
1985 2403 2092 2478 multi

75 2562 131 2633 No
161 2563 209 2636 Μ
705 2573 724 2636 d
763 2577 805 2642 Η
833 2571 873 2636 se
896 2575 928 2636 tb
955 2571 1038 2638 ¹545
1104 2533 1206 2598 saepe
1219 2509 1510 2599 disputaverunt,
1532 2511 1637 2581 etiam
1653 2527 1735 2583 ante
1750 2515 1861 2583 multa
1877 2512 2014 2595 secrrla,
2041 2523 2093 2580 ta-

71 2615 245 2688 ...inss
705 2597 1051 2708 ‘NL-,⁰
1094 2633 1185 2704 ¹men
1201 2632 1267 2678 nos
1280 2610 1319 2678 in
1327 2605 1484 2682 Ecclesia
1495 2611 1600 2681 talem
1616 2614 1858 2684 confusionem
1874 2613 2094 2684 nullomodo

129 2758 455 2884 laureatusque.
499 2739 894 2820 tremiscomttttetdtt.
932 2761 1014 2818 ‘m
1028 2773 1053 2818 e,
1104 2711 1441 2830 fiericpncedamus.
1493 2712 1532 2784 Si
1550 2714 1683 2804 pariter
1705 2727 1850 2806 possent
1871 2737 1945 2786 esse
1970 2708 2095 2782 haare-

376 2869 383 2886 .
400 2829 446 2885 tlt.
468 2829 580 2887 estest.
595 2831 647 2888 tot.
664 2833 691 2886 9.
707 2834 736 2886 7.
1104 2814 1168 2883 des
1185 2825 1277 2882 vitae
1297 2824 1460 2882 aeternae
1482 2813 1685 2903 ignorantes
1699 2811 1901 2902 Christum,
1926 2829 1962 2886 et
1982 2836 2094 2906 agno-

165 2829 195 2884 in
211 2830 337 2886 Daciam.

1105 2929 1259 2999 scentes,
1283 2916 1414 2985 trustra
1429 2919 1550 2986 datum
1577 2941 1650 2987 esse
1666 2915 1922 3008 Evangelinm,
1947 2939 2013 2986 nee
2037 2938 2095 2984 re·

63 2994 254 3114 9¹⁴⁰0⁸J¹⁰⁰2
272 3013 296 3062 α
312 2988 524 3064 mmm
538 2989 751 3064 wilm
772 2997 967 3085 1170110θῖ10
976 2995 1054 3066 ⁰⁰·
1106 3017 1211 3087 tineri
1235 3039 1325 3108 opus
1347 3031 1452 3098 esset,
1484 3033 1519 3089 et
1540 3021 1701 3090 omnium
1723 3021 1882 3112 gentium
1905 3017 2095 3109 religiones

95 3103 192 3168 ctors
213 3099 354 3168 Petro
369 3097 626 3190 Hegemou,
652 3091 688 3166 d.
706 3091 766 3170 rt.
782 3097 886 3188 Sept.
906 3093 1016 3170 lata
1107 3120 1238 3213 pariter
1251 3133 1365 3188 „³0⁰1
1378 3119 1594 3210 probandae.

60 3215 223 3302 Nostrae
239 3229 363 3298 aetatis
378 3227 603 3298 imbecillitas
616 3251 691 3297 non
707 3242 820 3319 potest
837 3227 995 3298 iudicare
1011 3230 1055 3300 de
1209 3215 1381 3290 0111111111
1402 3234 1455 3291 111
1476 3235 1595 3292 11111111
1614 3222 1732 3306 Deme
1758 3245 1804 3291 111
1827 3222 1865 3292 111
1888 3221 1977 3292 111111
1996 3221 2096 3291 sum·

60 3331 177 3402 caussis
202 3331 339 3420 legum,
365 3331 425 3398 sed
452 3353 575 3422 parere
590 3353 656 3400 nos
671 3333 770 3400 decet
784 3329 928 3400 iudiciis
942 3344 977 3400 et
990 3355 1056 3400 vo·
1107 3320 1399 3407 111ῖ11111111111111,
1430 3337 1471 3393 111
1492 3339 1563 3395 lam
1588 3323 1690 3394 111111
1722 3327 1903 3394 erroribus
1927 3324 2095 3394 1111111111·

61 3431 194 3502 luntati
218 3443 406 3524 parentum
427 3443 461 3501 et
485 3433 782 3520 gubernatorum,
824 3455 978 3525 quorum
1000 3431 1056 3500 vi-
1106 3447 1200 3494 msrr.
1270 3419 1473 3494 Teneamus
1512 3425 1621 3516 igitur
1657 3425 1792 3495 dictum
1828 3425 2097 3518 Apostolorum,

61 3535 188 3605 demus
205 3535 371 3604 virtutem
386 3547 420 3602 et
437 3533 672 3622 iutegritatem
686 3535 730 3603 ab
754 3527 912 3604 honestis
936 3528 1056 3604 homi·
1107 3527 1203 3619 quod
1221 3520 1374 3595 inacus
1391 3549 1465 3616 cap.
1484 3542 1612 3620 quarto
1628 3527 1801 3617 scriptum
1827 3541 1889 3600 est.
1940 3525 2023 3598 Non
2045 3539 2099 3596 est

59 3637 172 3708 nibus
188 3635 424 3726 comprobari.
460 3631 537 3726 Ego
554 3635 664 3725 igitur
680 3658 753 3705 rson
777 3659 944 3728 quaeram
971 3659 1056 3706 cau.
1106 3627 1205 3696 aliud
1234 3649 1387 3710 nomen,
1430 3627 1469 3696 in
1494 3653 1566 3722 quo
1592 3641 1732 3720 oportet
1757 3628 1873 3700 salvos
1898 3627 1994 3716 fieri,
2023 3628 2098 3706 ,nisi

59 3761 156 3822 nm,
182 3759 246 3806 cur
260 3737 516 3822 adolescentes,
542 3736 581 3806 in
606 3737 667 3807 tali
691 3759 856 3808 consessu
879 3737 1055 3807 maiorum
1107 3751 1239 3798 nomen
1257 3727 1407 3797 Domini
1423 3731 1625 3801 uotlt’llesu
1638 3723 1782 3800 Christi.
1810 3729 1968 3821 Agnotcl
1984 3729 2099 3800 fillum

59 3853 172 3920 natu,
211 3839 434 3932 quaestiones
461 3853 681 3930 proponant:
714 3841 775 3907 sed
803 3841 960 3909 modeste
989 3839 1057 3909 ob-
1106 3827 1174 3900 Dei
1190 3851 1330 3898 necesse
1346 3843 1412 3900 est:
1440 3843 1475 3899 et
1498 3833 1689 3902 discrimen
1712 3831 1950 3906 invocationis
1972 3831 2099 3902 dreini·

58 3941 267 4034 temperabo
291 3939 461 4010 carissimi
483 3939 592 4032 patris
621 3939 692 4010 mei
721 3940 919 4026 voluntati,
956 3941 1056 4011 euius
1107 3931 1275 4002 nerimus.
1328 3927 1481 4001 Etiamsi
1502 3931 1604 4004 Plato
1627 3945 1690 4003 aot
1713 3931 1826 4006 Turci
1850 3935 2030 4019 iactitant,
2062 3911 2138 4004 εν·

58 4039 288 4116 autoritatem
317 4063 381 4110 vos
401 4065 542 4138 quoque
563 4043 726 4111 venerari
748 4041 838 4128 scio,
875 4055 911 4112 et
936 4043 1057 4134 publi·
1107 4033 1273 4104 1111011111
1294 4027 1409 4102 Deum
1425 4035 1951 4121 1111111111011111101111111111111,
1980 4049 2099 4106 11111111

57 4169 123 4217 cae
155 4143 427 4228 consuetudini,
461 4166 567 4238 qnam
589 4167 610 4213 a
632 4143 734 4213 vobis
754 4145 976 4236 comprobari
1000 4148 1057 4214 vi·
1106 4158 1231 4207 aveto
1253 4131 1331 4206 Deo
1362 4135 1547 4218 1111111111,
1590 4137 1674 4232 quie
1704 4130 2098 4220 1111111011111011111,

57 4251 151 4327 deo,
184 4267 320 4314 morem
347 4267 476 4335 geram.
541 4241 615 4315 Nec
645 4244 854 4316 indecorum
881 4258 949 4327 est,
990 4269 1056 4316 nos
1107 4237 1169 4332 qui
1184 4261 1219 4307 se
1235 4235 1398 4327 patefecit
1414 4237 1522 4307 misso
1539 4238 1633 4324 lilio,
1657 4262 1723 4309 nee
1737 4241 1908 4310 accedunt
1923 4241 1965 4310 ad
1982 4235 2097 4310 Deum

57 4345 201 4442 aliquid
228 4345 448 4438 interrogare
476 4347 521 4416 de
552 4347 714 4416 doctrina
734 4341 940 4438 Evangelii,
973 4371 1054 4419 curn
1107 4340 1262 4409 ducente
1276 4338 1484 4413 mediatore.

56 4446 228 4522 Christus
243 4449 288 4517 de
302 4463 422 4520 nostra
438 4461 550 4518 aetate
572 4449 718 4520 dixerit:
752 4445 868 4518 Sinite
888 4451 1055 4542 parvulos
1207 4438 1264 4510 Sit
1285 4439 1393 4528 igitur
1415 4439 1520 4510 infixa
1545 4439 1726 4510 mentibus
1748 4441 1880 4512 nostris
1901 4465 1969 4513 vox
1991 4437 2100 4514 Chri·

57 4553 104 4626 ad
127 4573 185 4623 me
202 4551 336 4635 venire,
351 4551 477 4621 talium
493 4565 544 4621 est
560 4571 707 4638 regnum
724 4549 917 4625 coelorum,
951 4549 1055 4624 Certe
1106 4538 1169 4611 sti:
1196 4537 1272 4630 eri
1296 4563 1372 4610 non
1393 4534 1546 4612 honorat
1568 4539 1722 4628 Filium,
1757 4567 1831 4614 non
1858 4538 2012 4614 honorat
2029 4541 2099 4614 Pa-

56 4673 204 4726 neresse
218 4663 270 4722 est
285 4673 351 4721 nos
369 4653 413 4722 ad
438 4651 551 4721 lilium
569 4651 658 4737 Dei,
683 4649 870 4722 dominum
891 4667 1054 4724 nostrum
1105 4655 1214 4728 trem,
1247 4641 1309 4714 Sic
1331 4645 1538 4714 acredauurs
1561 4645 1606 4714 ad
1630 4641 1793 4730 Patrem,
1818 4659 1858 4716 ut
1880 4645 2007 4714 fidncia
2023 4667 2099 4714 me-

58 4753 184 4832 lesnm
199 4745 381 4824 Christum
405 4753 610 4824 crucifixum
636 4775 701 4844 pro
721 4753 826 4822 nobis
850 4767 885 4824 et
904 4755 1055 4826 resusci-
1106 4743 1254 4814 dialorfft
1287 4765 1370 4812 0⁰¹⁰
1392 4745 1608 4815 1110111111·
1665 4743 2099 4840 11011111111011111111111,

55 4871 176 4928 utum
195 4853 344 4940 adduci,
369 4849 437 4924 hoc
451 4867 521 4939 est,
548 4855 656 4924 multa
673 4855 718 4924 de
732 4877 774 4924 eo
789 4855 914 4926 audire
929 4869 963 4926 er
986 4857 1054 4928 aci.
1105 4870 1172 4916 nec
1195 4847 1364 4916 invocant
1381 4841 1519 4930 Deum,
1543 4869 1607 4916 nec
1631 4861 1714 4918 sunt
1738 4843 1907 4918 haeredes
1925 4847 2017 4917 vitae
2039 4871 2099 4916 aa·

56 4956 203 5038 scitari,
235 4969 276 5027 nt
296 4979 376 5026 eum
400 4979 482 5026 vere
502 4977 743 5046 agnoscamus.
804 4953 888 5028 ldeo
913 4983 1055 5052 quaeso,
1104 4959 1245 5030 ternae,
1285 4969 1352 5015 nec
1374 4947 1536 5016 membra
1558 4943 1748 5022 Ecclesiae.
1812 4947 1883 5020 Sed
1909 4961 1943 5018 te
1965 4945 2100 5020 Ductor

56 5073 101 5132 ut
119 5079 232 5128 meam
249 5057 563 5149 interrogationem
579 5081 692 5152 aequo
706 5055 827 5128 animo
843 5059 1009 5132 andusia,
1103 5041 1208 5118 Petro
1225 5050 1269 5118 de
1282 5041 1350 5116 hac
1366 5049 1572 5140 quaestione
1588 5049 1767 5142 copiosius
1786 5049 2017 5122 disserentem
2034 5073 2100 5122 au·

171 5157 355 5251 lnterrogo
381 5173 517 5231 autem:
559 5151 618 5228 Ars
651 5183 730 5228 cum
760 5181 903 5254 magno
938 5164 1054 5233 virtus
1104 5147 1512 5226 ἆῐ11111111101111111111.
1562 5149 1656 5228 Dixi.

57 5257 178 5356 [uerit
202 5267 234 5330 et
256 5257 306 5330 sil
329 5258 550 5342 multorum,
583 5259 652 5360 qui
674 5283 750 5329 nou
770 5271 908 5332 norunt
920 5257 1053 5356 filium

58 5361 145 5432 Da·
173 5355 364 5432 domiuum
398 5371 563 5432 nostrum
593 5357 718 5431 lesum
745 5353 964 5446 Obrutam,
1014 5375 1053 5436 ut

55 5461 212 5538 Numer
235 5455 415 5564 Pompilii
420 5514 431 5548 ,
456 5457 666 5552 Arsstidae,
690 5459 877 5556 Socratis,
902 5463 1055 5568 Scipio·
