4674 6162
142 241 212 314 tor
310 237 768 335 nrrsroaauuu,
809 235 1187 320 runrcronuu
1219 233 1296 314 nr
1328 200 1730 320 s'cnrrronuu
1780 247 2017 336 marm
2115 263 2188 336 tot

138 409 404 500 grammatices,
438 413 527 484 alter
550 437 625 484 neu
649 425 755 487 tenet.
821 409 984 502 Quodsi
1011 411 1058 481 ita
1080 432 1137 478 res
1161 403 1166 442 ¹
1190 421 1353 480 catorum
1386 421 1500 480 totum
1530 432 1641 502 genus
1670 405 1865 490 humanum
1897 423 2186 516 adagnitionem

141 512 269 594 habet,
303 514 406 584 alteri
430 517 609 610 oportebit
635 517 788 608 proponi
812 528 994 606 praecepta
1020 536 1138 604 gram
1186 506 1254 580 Dei
1278 525 1313 582 et
1335 511 1504 598 salutem,
1542 517 1796 607 propagatione
1822 522 1908 613 legis
1936 526 2028 597 inter
2049 545 2181 620 gentes.

30 652 38 707 r
138 618 284 686 matites
308 617 507 694 ediscenda.
558 616 655 688 Haec
680 619 845 690 recitabit
860 629 1137 688 maneanteme·
1187 609 1306 682 Huius
1329 613 1417 684 tanti
1439 615 1557 704 operis
1580 620 1703 686 ducem
1720 622 1967 698 existimabant
1983 622 2059 701 fore
2074 630 2184 706 Chri·

30 710 44 839 χ
138 719 299 804 ridiana,
343 734 465 810 postea
506 734 658 812 exponet
700 735 859 792 autorem
902 721 1136 811 propositum.
1187 725 1280 785 stum
1316 727 1349 785 et
1372 739 1442 808 -per
1469 713 1660 808 Apostolos
1682 725 1966 798 constituendam
1991 753 2065 803 esse
2090 731 2182 810 banc

42 870 50 921 r
139 821 239 892 Alter
255 819 320 914 qui
335 823 577 910 grammatices
593 823 727 913 peritus
742 825 845 894 etiarn
866 836 1018 913 exponet
1033 833 1137 890 anto·
1186 819 1358 908 optimam
1384 819 1544 910 politiam
1568 835 1642 892 toto
1663 824 1750 898 orbe
1773 841 1957 904 terrarum.
2011 833 2102 906 Cum
2125 836 2182 911 hir

42 940 50 1077 p
140 947 232 1007 rem,
255 924 318 992 sed
339 921 378 1002 in
396 923 609 994 declinando
626 939 660 996 et
678 925 902 1015 coniugando
921 937 1136 1006 exerceatur,
1187 914 1354 989 humanis
1377 943 1417 990 ac
1439 923 1593 1013 politicis
1610 925 1840 1016 opinionibus
1855 947 1989 1006 mentes
2007 937 2181 1028 plurimo.

140 1049 181 1094 ne
205 1024 459 1109 obliviscatur,
489 1025 558 1096 nisi
582 1027 673 1098 forte
695 1039 791 1097 tanta
817 1025 978 1097 doctrina
1003 1040 1071 1109 est,
1096 1036 1136 1090 ut
1186 1045 1265 1092 rum
1290 1023 1480 1105 fascinatae
1498 1037 1630 1105 essent,
1657 1025 1809 1116 Paulus,
1835 1049 1875 1105 ut
1891 1029 1953 1104 has
1969 1043 2129 1112 tenebras
2146 1061 2181 1118 et

138 1149 284 1220 prorsus
316 1126 385 1197 ista
414 1129 544 1220 puerili
572 1128 822 1200 exercitatione
843 1123 936 1198 nibil
959 1151 1048 1218 opus
1071 1122 1135 1193 ba·
1186 1117 1279 1193 hanc
1307 1125 1494 1214 caliginem
1525 1127 1697 1218 depellat,
1731 1137 1904 1222 ostendit,
1943 1138 2047 1230 longe
2081 1147 2179 1216 aliud

137 1231 226 1300 beat.
295 1225 536 1300 Grammatica
557 1243 797 1322 proponatur,
828 1255 934 1324 quam
960 1231 1058 1321 prius
1083 1219 1134 1323 [i]
1185 1249 1259 1296 esse
1286 1249 1419 1298 munus
1448 1229 1613 1318 promissi
1643 1231 1864 1322 liberatoris,
1897 1263 2003 1334 quam
2034 1247 2177 1335 politiae

138 1329 330 1402 audierunt
354 1355 585 1426 quaecunque
612 1348 674 1407 est.
735 1329 890 1404 Antores
913 1344 1135 1415 enarrentur,
1184 1322 1679 1406 bumanaeconstitutionem.
1718 1333 1800 1406 Non
1816 1339 2177 1419 missumesserri-

141 1457 239 1527 quam
256 1433 419 1524 primum
433 1427 646 1516 Terentius,
674 1459 778 1530 quem
795 1436 970 1528 ediscant3
997 1435 1056 1503 sed
1075 1457 1134 1500 ca·
1183 1438 1298 1532 itum,
1324 1446 1364 1502 ut
1379 1433 1435 1502 lex
1450 1431 1677 1522 inter-gentes
1693 1455 1914 1529 propagetur,
1940 1459 1980 1516 nt
1995 1471 2087 1520 nova
2106 1447 2178 1521 lm-

141 1535 292 1604 rendum
309 1547 374 1622 est,
400 1560 445 1606 ne
461 1553 655 1607 onerentur
670 1537 835 1609 nimium.
869 1536 962 1608 Satis
979 1550 1029 1604 est
1043 1559 1133 1629 qno·
1182 1532 1274 1623 perii
1296 1535 1411 1604 forma
1433 1537 1686 1623 constituatur;
1720 1542 1991 1642 relinquendam
2017 1574 2093 1622 eam
2113 1578 2176 1626 cu·

136 1636 217 1708 tidie
243 1638 370 1706 decern
388 1635 549 1710 Terentii
573 1663 693 1709 versus
715 1641 881 1714 ediscere.
934 1636 974 1709 Si
998 1650 1134 1707 norunt
1182 1657 1258 1704 ram
1276 1658 1349 1705 esse
1362 1633 1539 1726 Regibus,
1564 1640 1626 1733 qui
1644 1654 1765 1714 tenent
1782 1644 1944 1738 imperia,
1970 1655 2030 1722 sed
2049 1657 2175 1728 datum

135 1737 350 1810 Terentium
378 1755 492 1830 potest
518 1741 672 1832 proponi
700 1741 873 1814 aulularia
900 1733 1044 1810 Plauti.
1099 1735 1132 1808 A
1183 1759 1257 1806 esse
1273 1734 1407 1807 Filium
1422 1735 1507 1825 Dei,
1532 1755 1572 1810 ut
1594 1767 1633 1810 re
1653 1743 1727 1835 ipsa
1750 1747 1852 1817 tollat
1869 1766 2068 1842 peccatum,
2097 1759 2175 1850 pla.

133 1840 292 1934 prandio
333 1853 546 1914 enarrentur
585 1845 697 1938 aliqui
739 1867 860 1915 versus
897 1841 1056 1934 Virgilii,
1098 1853 1133 1910 et
1182 1852 1257 1910 cata
1275 1839 1327 1909 ira
1344 1837 1412 1910 Dei
1428 1856 1462 1912 et
1478 1858 1648 1928 mortem,
1681 1850 1998 1942 acreddatgeneri
2017 1851 2174 1930 humano

131 1943 297 2014 tradatur
330 1943 381 2013 eis
406 1942 571 2040 Syntaxis
602 1971 707 2040 quam
741 1969 816 2016 non
851 1945 1026 2030 ediscant,
1061 1941 1132 2012 uisi
1181 1955 1386 2033 perpetuam
1421 1943 1596 2012 iusticiam
1631 1959 1666 2016 et
1698 1947 1824 2034 vitam,
1860 1977 1964 2044 quam
1997 1953 2054 2029 bic
2089 1987 2176 2034 voce

132 2047 235 2140 prins
252 2045 505 2140 etymologiam
521 2049 726 2118 memoriter
739 2048 953 2118 didicerim.-
986 2045 1027 2116 lu
1044 2051 1131 2126 con·
1185 2040 1368 2134 Evangelii
1385 2057 1418 2114 et
1433 2047 1515 2114 clato
1534 2045 1670 2138 Spiritu
1687 2063 1807 2121 sancto
1825 2049 1985 2124 inchoari
2002 2075 2175 2152 oporteat,

128 2149 308 2220 struendo
332 2165 548 2244 quaerantur
568 2151 729 2241 regulae,
755 2174 864 2246 quare
881 2149 943 2219 illa
958 2149 1071 2220 oratio
1086 2147 1132 2216 sit
1183 2143 1278 2216 Haec
1304 2160 1355 2216 est
1378 2148 1551 2219 sententia
1574 2151 1868 2240 promissionum,
1902 2181 1991 2252 quae
2014 2165 2175 2252 patribus

130 2273 304 2342 congrua,
334 2264 398 2326 etc.
429 2252 532 2338 item,
562 2255 641 2346 quis
663 2254 709 2325 sit
731 2256 820 2325 ordo
837 2251 1009 2324 orationis
1024 2265 1057 2321 et
1075 2250 1130 2319 di·
1183 2250 1284 2318 datae
1304 2263 1407 2330 sunt,
1431 2263 1465 2319 et
1488 2252 1724 2335 concionum,
1750 2279 1840 2346 quae
1858 2257 1897 2327 in
1918 2258 2098 2354 prophetis
2115 2291 2175 2339 ex-

128 2357 306 2428 ctionum.
361 2350 1131 2447 AprandiosingulishebdomatisdieVe-
1180 2363 1276 2422 stant
1300 2353 1344 2420 de
1367 2347 1523 2424 Christo.
1575 2351 1675 2424 Sicut
1694 2351 1817 2427 Esaias
1841 2359 1932 2430 clare
1953 2381 2052 2437 vocat
2067 2365 2177 2440 Cbri-

129 2459 229 2526 neris
260 2469 296 2526 et
321 2451 468 2528 Saturni
493 2459 725 2549 interpretare
751 2460 915 2552 epistolas
936 2455 1131 2538 Cicerouis,
1181 2467 1274 2522 stum
1294 2465 1429 2544 patrem
1447 2469 1612 2525 aeternae
1627 2456 1731 2542 vitae,
1756 2473 1790 2530 et
1807 2458 1971 2534 Ieremias
1988 2469 2054 2554 ait,
2080 2472 2173 2543 Sau-

128 2561 189 2629 sed
206 2559 395 2650 eligendae
410 2575 494 2632 sunt
507 2561 682 2632 faciliores
697 2575 731 2632 et
746 2561 987 2632 iucundiores.
1014 2557 1130 2628 Puero
1181 2567 1277 2624 ctum
1294 2555 1443 2625 Domini
1466 2581 1541 2626 non
1564 2559 1737 2630 evellatur
1757 2561 1795 2630 in
1819 2578 2011 2638 aeternum.
2066 2569 2110 2645 Et
2135 2577 2173 2645 iu

129 2660 348 2754 imperitiori
366 2661 546 2753 prodesset
563 2671 762 2754 proponere
775 2661 960 2734 Catonern.
1005 2658 1129 2729 Postea
1181 2651 1273 2726 Osee
1298 2657 1446 2728 diciturt
1477 2653 1551 2728 Ero
1571 2683 1665 2729 mors
1679 2675 1738 2732 tua
1758 2687 1779 2732 o
1798 2662 1918 2752 Mors,
1952 2693 2011 2742 ero
2035 2697 2174 2748 morsus

131 2765 269 2858 aliquid
289 2787 332 2832 ex
348 2765 537 2860 colloquiis
553 2763 702 2836 Erasini.
730 2762 893 2838 Omnino
911 2763 1029 2834 omnis
1047 2785 1130 2831 cura
1180 2771 1264 2829 tuus
1286 2755 1436 2831 lnferne.
1490 2757 1588 2830 Haec
1610 2764 1748 2833 non'de
1770 2765 1980 2840 liberatione
1998 2775 2094 2846 civili
2111 2795 2174 2853 aut

134 2869 340 2936 conferatur
363 2866 401 2936 in
426 2861 510 2954 hec,
537 2882 576 2938 ut
597 2869 748 2960 perfecte
772 2868 910 2939 discant
926 2861 1130 2956 grammati·
1181 2861 1224 2932 de
1251 2859 1414 2954 Imperiis
1437 2861 1623 2949 dicuntur,
1656 2867 1715 2934 sed
1739 2869 1910 2940 derebus
1933 2880 2101 2966 aeternis,
2128 2885 2173 2952 de

143 2995 226 3050 cam,
256 2969 357 3062 quod
376 2969 449 3038 fere
465 2971 650 3062 negligunt
667 2986 919 3064 praeceptores.
971 2967 1130 3057 Singulis
1181 2979 1322 3056 peccato
1340 2979 1374 3036 et
1391 2964 1443 3034 ira
1459 2961 1545 3048 Dei,
1572 2967 1616 3036 de
1631 2989 1723 3037 nova
1742 2983 1775 3039 et
1790 2973 1932 3064 propria
1952 2976 2046 3064 luce,
2069 2981 2174 3054 iusti-

148 3065 359 3142 hebdomatis
389 3097 477 3163 puer
509 3074 683 3144 eruditior
710 3075 765 3142 bis
787 3075 920 3148 scribat
946 3069 1129 3163 epistolas,
1180 3066 1233 3136 cia
1249 3067 1368 3138 etvita
1382 3067 1422 3136 in
1438 3067 1494 3152 iis,
1519 3068 1580 3162 qni
1595 3063 1729 3140 Christi
1744 3073 1968 3164 evangelium
1982 3081 2173 3176 accipiunt.

142 3175 285 3244 alterum
302 3175 411 3244 semel
425 3175 578 3246 scribere
594 3175 751 3246 fortassis
765 3176 850 3246 satis
868 3175 946 3244 erit.
999 3171 1130 3244 Assue·
1180 3167 1250 3239 Sed
1270 3193 1311 3238 eo
1329 3183 1464 3240 mentes
1479 3163 1655 3240 humanae
1672 3197 1745 3242 non
1760 3188 1854 3245 recte
1869 3177 2074 3272 intelligunt
2088 3211 2174 3278 pro-

139 3275 288 3346 faciendi
305 3289 388 3346 sunt
403 3277 508 3348 etiam
522 3301 602 3350 cnm
621 3278 802 3350 videbitur
819 3291 1056 3371 oportunum,
1085 3277 1126 3344 ad
1181 3270 1366 3340 missiones
1387 3285 1422 3341 et
1446 3295 1576 3341 novam
1600 3271 1796 3360 iustitiam,
1830 3279 2014 3372 quianon
2039 3307 2174 3363 norunt

140 3401 255 3450 emur
271 3377 465 3456 faciendos,
1180 3385 1378 3464 peccatum,
1410 3395 1475 3442 nec
1497 3372 1622 3445 rident
1646 3376 1736 3445 iram
1751 3374 1836 3464 Dei,
1869 3385 1930 3476 eqd
1951 3387 2173 3464 arbitrantur

1180 3497 1253 3544 esse
1281 3475 1371 3544 levia
1395 3475 1488 3544 mala
1511 3489 1546 3546 et
1567 3477 1647 3545 tolli
1669 3501 1770 3568 posse
1792 3475 1949 3556 humana
1974 3489 2174 3585 disciplina,

148 3625 209 3637 -
618 3610 1121 3640 ,...........-“..-.·.--
1180 3571 1251 3646 boc
1272 3591 1323 3647 est
1344 3577 1484 3648 iusticia
1504 3577 1601 3668 legis.
1652 3576 1811 3672 Deinde,
1837 3609 1917 3655 cum
1936 3587 2174 3666 intantaim-

965 3687 970 3692 '
1180 3679 1373 3751 becillitate
1400 3674 1588 3750 hominnm
1619 3683 1723 3772 pauci
1756 3684 1932 3758 iusticiam
1963 3691 2049 3784 legis
2070 3721 2175 3790 prae.

141 3783 331 3865 N0,7095‚
977 3831 1027 3844 ...
1054 3831 1104 3844 .-
1179 3795 1291 3864 stent,
1334 3782 1384 3852 sic
1415 3783 1639 3852 admirantur
1659 3784 1770 3875 legem
1796 3799 1830 3858 et
1856 3789 2100 3886 disciplinam,
2134 3817 2175 3876 ut

149 3884 316 3918 Μ
970 3890 1116 3914 ‘⁹
1179 3885 1369 3954 amentiam
1386 3899 1428 3955 et·
1436 3883 1527 3953 vitae
1544 3887 1734 3976 perniciem
1751 3911 1825 3960 esse
1839 3889 2017 3979 indicent,
2045 3904 2089 3972 de
2103 3905 2173 3976 alia

267 4001 364 4115 (De
394 3951 569 4089 Mmpa'
597 4005 779 4114 dmm,
808 4000 990 4112 regno.)
1178 3987 1316 4058 iusticia
1332 3986 1548 4106 concionari,
1573 4000 1635 4106 ant
1652 3989 1852 4062 latefactare
1869 4013 1998 4068 nervos
2014 4003 2174 4096 discipli-

656 4199 684 4254 ρ.
968 4199 983 4236 .
2235 4252 2242 4266 .

236 4263 318 4307 “tm-
1176 4295 1238 4364 illa
1261 4317 1336 4364 non
1358 4307 1442 4365 sunt
1463 4295 1692 4385 adfingenda,
1716 4298 1846 4386 placari
1870 4301 1956 4370 iram
1978 4299 2066 4390 Dei,
2091 4313 2172 4382 tolli

137 4425 262 4528 Quare
282 4417 453 4498 Messius
471 4423 677 4523 promissus
700 4421 856 4497 Iudaeis
878 4435 909 4496 et
935 4421 1126 4514 Gentibus,
1175 4409 1376 4515 P⁰Q⁰³¹¹¹¹¹¹¹
1421 4397 1620 4488 wendila?i
1661 4397 1770 4466 ”llam
1809 4413 1987 4475 ‘lemnam
2027 4409 2170 4487 futlltlt
2291 4413 2294 4420 ’

138 4543 170 4604 et
196 4553 290 4630 pune
315 4525 365 4600 sit
391 4527 571 4598 sententia
593 4521 734 4614 ,harum
756 4527 1044 4626 promissionum
1066 4529 1126 4602 De
1175 4499 1294 4668 ¹²3⁸]
1542 4599 1551 4616 ‚
1729 4601 1737 4617 ‚
1894 4605 1903 4623 ⁹
2138 4615 2147 4634 ·

274 4653 366 4730 '¹⁰⁰9
384 4653 495 4725 regno
514 4641 564 4701 αὖ
595 4626 793 4702 secundm„
811 4625 987 4702 paulum·
1297 4601 1363 4669 deo
1381 4595 1615 4688 Evangelrum
1631 4601 1675 4669 de
1691 4601 1760 4671 aba
1776 4603 1974 4695 placatione
1991 4623 2026 4680 et
2042 4613 2086 4682 de
2100 4615 2170 4688 alta

405 4742 471 4819 Ph
490 4747 521 4820 ‚l
556 4745 615 4822 M
643 4747 660 4820 Ι
731 4743 779 4820 Μ
1175 4702 1314 4772 iusticie
1344 4701 1578 4770 concionatur
1609 4715 1643 4772 et
1671 4701 1779 4773 vitam
1805 4720 1983 4779 aeternam
2011 4709 2170 4792 inchoat.

481 4775 494 4818 ¹
520 4806 529 4826 ·
618 4773 635 4821 θ
664 4775 722 4820 “⁶
790 4775 857 4823 Μ·
1176 4805 1229 4877 De
1250 4798 1307 4873 his
1330 4803 1466 4872 arcanis
1488 4804 1612 4886 rebus,
1637 4819 1678 4874 nt
1691 4805 1814 4878 doceat
1828 4805 1959 4882 Paulus
1972 4807 2170 4890 Ecclesiam

133 4901 261 4988 ludaei
298 4905 577 4998 pertinacissime
616 4905 877 4977 contendebant
919 4933 998 4979 non
1026 4934 1127 5002 posse
1176 4922 1211 4978 et
1233 4906 1363 4978 refutet
1389 4929 1526 4974 errores
1552 4903 1728 4994 ludaicos,
1767 4911 1876 4982 tradit
1900 4915 2097 4987 doctrinam
2123 4909 2168 4992 de

134 5011 269 5086 aboleri
293 5010 425 5098 legem,
449 5007 556 5079 tantis
578 5008 758 5078 miraculis
780 5005 892 5082 aDeo
911 5013 1074 5082 traditam
1094 5027 1128 5084 et
1177 5021 1338 5102 peccato,
1364 5007 1408 5076 de
1422 5007 1509 5098 lege,
1535 5009 1579 5076 de
1593 5009 1729 5080 iusticia
1746 5011 1838 5096 fidei,
1864 5014 1978 5084 aliena
1994 5041 2014 5088 a
2029 5021 2170 5112 sapien-

136 5117 339 5196 defensam,
372 5133 436 5178 uec
464 5123 623 5202 poterant
647 5110 863 5200 intelligere,
897 5113 969 5183 ulla
994 5138 1031 5184 re
1059 5116 1125 5184 alia
1177 5114 1225 5184 tia
1244 5105 1422 5194 humaua;
1454 5123 1771 5200 argumentum,
1799 5113 1887 5184 lm
1906 5114 1993 5204 Del,
2019 5137 2168 5194 mmm

137 5221 249 5290 iustos
263 5237 336 5290 esse
351 5207 525 5297 homines,
543 5213 613 5281 nisi
629 5208 694 5282 bac
712 5209 947 5305 pulcherrima
958 5217 1128 5286 obedien·
1176 5213 1256 5286 tolli
1281 5207 1436 5282 hnmana
1462 5211 1661 5302 disciplina.
1714 5211 1822 5303 Negat
1840 5211 2002 5290 homiues
2017 5223 2084 5314 legi
2101 5225 2170 5297 Dei

137 5323 208 5402 tia,
233 5339 339 5412 quam
356 5313 411 5384 lex
429 5315 606 5406 proponit.
658 5311 813 5408 Ideoque
830 5318 1043 5408 promissum
1058 5320 1127 5388 sal·
1178 5316 1394 5398 satisfacere,
1419 5339 1500 5384 curn
1524 5315 1682 5420 oppressi
1706 5331 1846 5408 peccato
1860 5313 2036 5393 bestente
2050 5328 2089 5395 iu
2105 5351 2170 5398 ua·

137 5437 296 5492 vatorem
321 5417 507 5510 praecipue
531 5418 797 5490 arbitrabantur
814 5413 882 5490 hor
900 5423 1006 5490 modo
1024 5445 1129 5492 revo-
1178 5433 1255 5490 tura
1279 5429 1464 5509 perpetuas
1488 5417 1648 5490 tenebras
1669 5431 1702 5487 et
1727 5422 1986 5492 contumaciam
2002 5429 2171 5500 adversus

1584 5511 1649 5587 71
