<?xml version="1.0" encoding="UTF-8"?>
<!DOCTYPE html PUBLIC "-//W3C//DTD XHTML 1.0 Transitional//EN"
    "http://www.w3.org/TR/xhtml1/DTD/xhtml1-transitional.dtd">
<html xmlns="http://www.w3.org/1999/xhtml" xml:lang="en" lang="en">
 <head>
  <title>
</title>
<meta http-equiv="Content-Type" content="text/html;charset=utf-8" />
  <meta name='ocr-system' content='tesseract 3.04.00' />
  <meta name='ocr-capabilities' content='ocr_page ocr_carea ocr_par ocr_line ocrx_word'/>
</head>
<body>
  <div class='ocr_page' id='page_1' title='image "./philippimelanth10bindgoog_0497.png"; bbox 0 0 4686 6172; ppageno 0'>
   <div class='ocr_carea' id='block_1_1' title="bbox 89 289 2121 389">
    <p class='ocr_par' dir='ltr' id='par_1_1' title="bbox 89 289 2121 389">
     <span class='ocr_line' id='line_1_1' title="bbox 89 289 2121 389; baseline -0.003 -16"><span class='ocrx_word' id='word_1_1' title='bbox 89 297 163 373; x_wconf 84' lang='grc'><strong>1187</strong></span> <span class='ocrx_word' id='word_1_2' title='bbox 528 291 847 389; x_wconf 76' lang='lat' dir='ltr'><strong>,ALLOQUIA</strong></span> <span class='ocrx_word' id='word_1_3' title='bbox 897 295 975 372; x_wconf 85' lang='lat' dir='ltr'><strong>ET</strong></span> <span class='ocrx_word' id='word_1_4' title='bbox 1024 291 1270 374; x_wconf 79' lang='lat' dir='ltr'><strong>BREVES.</strong></span> <span class='ocrx_word' id='word_1_5' title='bbox 1307 289 1660 372; x_wconf 85' lang='lat' dir='ltr'><strong>CONClONES.</strong></span> <span class='ocrx_word' id='word_1_6' title='bbox 2045 289 2121 367; x_wconf 83' lang='grc'><strong>1188</strong></span> 
     </span>
    </p>
   </div>
   <div class='ocr_carea' id='block_1_2' title="bbox 89 451 1097 564">
    <p class='ocr_par' dir='ltr' id='par_1_2' title="bbox 89 451 1097 564">
     <span class='ocr_line' id='line_1_2' title="bbox 89 451 1097 564; baseline 0.002 -22"><span class='ocrx_word' id='word_1_7' title='bbox 89 472 168 542; x_wconf 89' lang='grc'><strong>11188</strong></span> <span class='ocrx_word' id='word_1_8' title='bbox 183 493 294 542; x_wconf 86' lang='lat' dir='ltr'><strong>novas</strong></span> <span class='ocrx_word' id='word_1_9' title='bbox 309 469 480 562; x_wconf 87' lang='lat' dir='ltr'><strong>ineptias,</strong></span> <span class='ocrx_word' id='word_1_10' title='bbox 506 481 542 540; x_wconf 88' lang='lat' dir='ltr'><strong>et</strong></span> <span class='ocrx_word' id='word_1_11' title='bbox 557 451 647 564; x_wconf 78' lang='lat' dir='ltr'><strong>quas</strong></span> <span class='ocrx_word' id='word_1_12' title='bbox 663 469 824 544; x_wconf 88' lang='lat' dir='ltr'><strong>virorum</strong></span> <span class='ocrx_word' id='word_1_13' title='bbox 840 469 1003 561; x_wconf 85' lang='lat' dir='ltr'><strong>gravium</strong></span> <span class='ocrx_word' id='word_1_14' title='bbox 1018 469 1077 544; x_wconf 89' lang='lat' dir='ltr'><strong>iu·</strong></span> <span class='ocrx_word' id='word_1_15' title='bbox 1092 493 1097 510; x_wconf 92' lang='grc'><em>·</em></span> 
     </span>
    </p>
   </div>
   <div class='ocr_carea' id='block_1_3' title="bbox 88 515 2116 666">
    <p class='ocr_par' dir='ltr' id='par_1_3' title="bbox 88 515 2116 666">
     <span class='ocr_line' id='line_1_3' title="bbox 88 515 2116 666; baseline 0 -22"><span class='ocrx_word' id='word_1_16' title='bbox 88 573 192 644; x_wconf 87' lang='grc'><strong>1118111</strong></span> <span class='ocrx_word' id='word_1_17' title='bbox 207 571 403 666; x_wconf 88' lang='grc'><strong>1188188811</strong></span> <span class='ocrx_word' id='word_1_18' title='bbox 426 572 560 646; x_wconf 75' lang='lat' dir='ltr'><strong>sciunt.</strong></span> <span class='ocrx_word' id='word_1_19' title='bbox 609 569 762 646; x_wconf 91' lang='lat' dir='ltr'><strong>Videtur</strong></span> <span class='ocrx_word' id='word_1_20' title='bbox 785 597 859 644; x_wconf 85' lang='lat' dir='ltr'><strong>esse</strong></span> <span class='ocrx_word' id='word_1_21' title='bbox 878 597 985 666; x_wconf 90' lang='lat' dir='ltr'><strong>parva</strong></span> <span class='ocrx_word' id='word_1_22' title='bbox 1007 597 1076 660; x_wconf 89' lang='lat' dir='ltr'><strong>res,</strong></span> <span class='ocrx_word' id='word_1_23' title='bbox 1126 527 1256 597; x_wconf 55' lang='lat' dir='ltr'><strong>oram</strong></span> <span class='ocrx_word' id='word_1_24' title='bbox 1281 526 1455 596; x_wconf 57' lang='lat' dir='ltr'><strong>mm</strong></span> <span class='ocrx_word' id='word_1_25' title='bbox 1480 519 1599 594; x_wconf 60' lang='lat' dir='ltr'><strong>&#39;md&#39;</strong></span> <span class='ocrx_word' id='word_1_26' title='bbox 1629 515 1756 596; x_wconf 51' lang='grc' dir='ltr'><strong>Ἠῶ·</strong></span> <span class='ocrx_word' id='word_1_27' title='bbox 1790 529 1881 594; x_wconf 59' lang='lat' dir='ltr'><strong>‘mie</strong></span> <span class='ocrx_word' id='word_1_28' title='bbox 1912 521 2116 594; x_wconf 55' lang='lat' dir='ltr'><strong>mmm</strong></span> 
     </span>
    </p>
   </div>
   <div class='ocr_carea' id='block_1_4' title="bbox 61 620 2205 5579">
    <p class='ocr_par' dir='ltr' id='par_1_4' title="bbox 61 620 2205 5579">
     <span class='ocr_line' id='line_1_4' title="bbox 87 620 1822 769; baseline 0.001 -21"><span class='ocrx_word' id='word_1_29' title='bbox 87 679 204 748; x_wconf 84' lang='lat' dir='ltr'><strong>forma</strong></span> <span class='ocrx_word' id='word_1_30' title='bbox 221 675 380 750; x_wconf 84' lang='lat' dir='ltr'><strong>vestitus.</strong></span> <span class='ocrx_word' id='word_1_31' title='bbox 432 673 504 749; x_wconf 87' lang='lat' dir='ltr'><strong>Sed</strong></span> <span class='ocrx_word' id='word_1_32' title='bbox 519 674 694 765; x_wconf 81' lang='lat' dir='ltr'><strong>significat</strong></span> <span class='ocrx_word' id='word_1_33' title='bbox 708 675 822 748; x_wconf 88' lang='lat' dir='ltr'><strong>levem</strong></span> <span class='ocrx_word' id='word_1_34' title='bbox 837 677 1019 769; x_wconf 88' lang='lat' dir='ltr'><strong>animum,</strong></span> <span class='ocrx_word' id='word_1_35' title='bbox 1042 689 1076 749; x_wconf 89' lang='lat' dir='ltr'><strong>et</strong></span> <span class='ocrx_word' id='word_1_36' title='bbox 1411 633 1654 698; x_wconf 57' lang='lat' dir='ltr'><em>‘mmmm&#39;</em></span> <span class='ocrx_word' id='word_1_37' title='bbox 1710 620 1822 700; x_wconf 60' lang='lat' dir='ltr'><strong>lm</strong></span> 
     </span>
     <span class='ocr_line' id='line_1_5' title="bbox 87 766 2116 873; baseline -0.001 -23"><span class='ocrx_word' id='word_1_38' title='bbox 87 792 374 850; x_wconf 79' lang='lat' dir='ltr'><strong>contemnentem</strong></span> <span class='ocrx_word' id='word_1_39' title='bbox 397 777 529 848; x_wconf 87' lang='lat' dir='ltr'><strong>iudicia</strong></span> <span class='ocrx_word' id='word_1_40' title='bbox 546 779 708 868; x_wconf 88' lang='lat' dir='ltr'><strong>gravium</strong></span> <span class='ocrx_word' id='word_1_41' title='bbox 724 777 896 852; x_wconf 91' lang='lat' dir='ltr'><strong>virorum.</strong></span> <span class='ocrx_word' id='word_1_42' title='bbox 949 775 998 851; x_wconf 83' lang='lat' dir='ltr'><strong>Et</strong></span> <span class='ocrx_word' id='word_1_43' title='bbox 1012 780 1076 852; x_wconf 91' lang='lat' dir='ltr'><strong>ubi</strong></span> <span class='ocrx_word' id='word_1_44' title='bbox 1126 766 2116 873; x_wconf 66' lang='grc'><strong>08811888118888881188888881888881888118118881</strong></span> 
     </span>
     <span class='ocr_line' id='line_1_6' title="bbox 88 877 2114 974; baseline -0.002 -22"><span class='ocrx_word' id='word_1_45' title='bbox 88 884 126 952; x_wconf 95' lang='lat' dir='ltr'><strong>in</strong></span> <span class='ocrx_word' id='word_1_46' title='bbox 150 878 208 952; x_wconf 87' lang='lat' dir='ltr'><strong>his</strong></span> <span class='ocrx_word' id='word_1_47' title='bbox 229 881 378 960; x_wconf 84' lang='lat' dir='ltr'><strong>minutis</strong></span> <span class='ocrx_word' id='word_1_48' title='bbox 399 879 593 952; x_wconf 74' lang='lat' dir='ltr'>discessum</span> <span class='ocrx_word' id='word_1_49' title='bbox 615 895 669 952; x_wconf 88' lang='lat' dir='ltr'><strong>est</strong></span> <span class='ocrx_word' id='word_1_50' title='bbox 684 905 708 950; x_wconf 90' lang='lat' dir='ltr'><strong>a</strong></span> <span class='ocrx_word' id='word_1_51' title='bbox 720 881 927 974; x_wconf 75' lang='lat' dir='ltr'><strong>disciplina,</strong></span> <span class='ocrx_word' id='word_1_52' title='bbox 953 895 1074 974; x_wconf 91' lang='lat' dir='ltr'><strong>postea</strong></span> <span class='ocrx_word' id='word_1_53' title='bbox 1125 882 1500 974; x_wconf 82' lang='grc'><strong>181881188888818188,</strong></span> <span class='ocrx_word' id='word_1_54' title='bbox 1520 881 1625 952; x_wconf 87' lang='lat' dir='ltr'><strong>toties</strong></span> <span class='ocrx_word' id='word_1_55' title='bbox 1639 881 1746 952; x_wconf 90' lang='lat' dir='ltr'><strong>nobis</strong></span> <span class='ocrx_word' id='word_1_56' title='bbox 1762 881 1802 952; x_wconf 92' lang='lat' dir='ltr'><strong>in</strong></span> <span class='ocrx_word' id='word_1_57' title='bbox 1820 893 1974 954; x_wconf 79' lang='lat' dir='ltr'><strong>mentem</strong></span> <span class='ocrx_word' id='word_1_58' title='bbox 1990 877 2114 950; x_wconf 81' lang='lat' dir='ltr'><strong>venire</strong></span> 
     </span>
     <span class='ocr_line' id='line_1_7' title="bbox 87 978 2115 1078; baseline -0.002 -23"><span class='ocrx_word' id='word_1_59' title='bbox 87 985 319 1077; x_wconf 76' lang='lat' dir='ltr'><strong>confirmatur</strong></span> <span class='ocrx_word' id='word_1_60' title='bbox 334 983 568 1058; x_wconf 79' lang='lat' dir='ltr'><strong>contumacia.</strong></span> <span class='ocrx_word' id='word_1_61' title='bbox 615 982 765 1078; x_wconf 87' lang='lat' dir='ltr'><strong>Semper</strong></span> <span class='ocrx_word' id='word_1_62' title='bbox 780 1007 799 1054; x_wconf 91' lang='lat' dir='ltr'><strong>a</strong></span> <span class='ocrx_word' id='word_1_63' title='bbox 816 985 946 1054; x_wconf 92' lang='lat' dir='ltr'><strong>talibus</strong></span> <span class='ocrx_word' id='word_1_64' title='bbox 961 983 1075 1056; x_wconf 89' lang='lat' dir='ltr'><strong>initiis</strong></span> <span class='ocrx_word' id='word_1_65' title='bbox 1125 985 1250 1067; x_wconf 90' lang='lat' dir='ltr'><strong>debet,</strong></span> <span class='ocrx_word' id='word_1_66' title='bbox 1277 979 1343 1056; x_wconf 84' lang='lat' dir='ltr'><strong>hos</strong></span> <span class='ocrx_word' id='word_1_67' title='bbox 1359 997 1479 1056; x_wconf 83' lang='lat' dir='ltr'><strong>coetus</strong></span> <span class='ocrx_word' id='word_1_68' title='bbox 1501 1007 1578 1054; x_wconf 90' lang='lat' dir='ltr'><strong>uon</strong></span> <span class='ocrx_word' id='word_1_69' title='bbox 1599 1007 1674 1056; x_wconf 88' lang='lat' dir='ltr'><strong>esse</strong></span> <span class='ocrx_word' id='word_1_70' title='bbox 1699 978 1858 1056; x_wconf 88' lang='lat' dir='ltr'><strong>humano</strong></span> <span class='ocrx_word' id='word_1_71' title='bbox 1882 981 2033 1054; x_wconf 84' lang='lat' dir='ltr'><strong>consilio</strong></span> <span class='ocrx_word' id='word_1_72' title='bbox 2056 980 2115 1050; x_wconf 92' lang='lat' dir='ltr'><strong>in·</strong></span> 
     </span>
     <span class='ocr_line' id='line_1_8' title="bbox 88 1081 2115 1179; baseline -0.002 -21"><span class='ocrx_word' id='word_1_73' title='bbox 88 1102 165 1160; x_wconf 91' lang='lat' dir='ltr'><strong>orta</strong></span> <span class='ocrx_word' id='word_1_74' title='bbox 183 1101 236 1158; x_wconf 88' lang='lat' dir='ltr'><strong>est</strong></span> <span class='ocrx_word' id='word_1_75' title='bbox 252 1085 463 1179; x_wconf 88' lang='lat' dir='ltr'><strong>disciplinae</strong></span> <span class='ocrx_word' id='word_1_76' title='bbox 484 1085 683 1156; x_wconf 81' lang='lat' dir='ltr'><strong>dissolutio.</strong></span> <span class='ocrx_word' id='word_1_77' title='bbox 734 1082 826 1156; x_wconf 91' lang='lat' dir='ltr'><strong>Cum</strong></span> <span class='ocrx_word' id='word_1_78' title='bbox 842 1083 986 1176; x_wconf 86' lang='lat' dir='ltr'><strong>Legatis</strong></span> <span class='ocrx_word' id='word_1_79' title='bbox 1002 1087 1075 1158; x_wconf 86' lang='lat' dir='ltr'><strong>Da·</strong></span> <span class='ocrx_word' id='word_1_80' title='bbox 1125 1089 1286 1172; x_wconf 78' lang='lat' dir='ltr'><strong>attentos,</strong></span> <span class='ocrx_word' id='word_1_81' title='bbox 1315 1111 1381 1160; x_wconf 90' lang='lat' dir='ltr'><strong>nec</strong></span> <span class='ocrx_word' id='word_1_82' title='bbox 1407 1087 1552 1160; x_wconf 83' lang='lat' dir='ltr'><strong>delendi</strong></span> <span class='ocrx_word' id='word_1_83' title='bbox 1586 1100 1724 1160; x_wconf 87' lang='lat' dir='ltr'><strong>tautum</strong></span> <span class='ocrx_word' id='word_1_84' title='bbox 1756 1081 1912 1160; x_wconf 85' lang='lat' dir='ltr'><strong>humana</strong></span> <span class='ocrx_word' id='word_1_85' title='bbox 1936 1108 2019 1175; x_wconf 91' lang='lat' dir='ltr'><strong>ope:</strong></span> <span class='ocrx_word' id='word_1_86' title='bbox 2052 1083 2115 1154; x_wconf 86' lang='lat' dir='ltr'><strong>sed</strong></span> 
     </span>
     <span class='ocr_line' id='line_1_9' title="bbox 87 1185 2115 1282; baseline -0.001 -24"><span class='ocrx_word' id='word_1_87' title='bbox 87 1191 148 1260; x_wconf 86' lang='lat' dir='ltr'><strong>vid</strong></span> <span class='ocrx_word' id='word_1_88' title='bbox 166 1203 282 1260; x_wconf 88' lang='lat' dir='ltr'><strong>essent</strong></span> <span class='ocrx_word' id='word_1_89' title='bbox 306 1189 484 1282; x_wconf 82' lang='lat' dir='ltr'><strong>praecisae</strong></span> <span class='ocrx_word' id='word_1_90' title='bbox 500 1189 642 1260; x_wconf 91' lang='lat' dir='ltr'><strong>tunicae</strong></span> <span class='ocrx_word' id='word_1_91' title='bbox 666 1187 847 1272; x_wconf 81' lang='lat' dir='ltr'><strong>adnotes,</strong></span> <span class='ocrx_word' id='word_1_92' title='bbox 872 1189 985 1262; x_wconf 89' lang='lat' dir='ltr'><strong>vetuit</strong></span> <span class='ocrx_word' id='word_1_93' title='bbox 1000 1187 1074 1260; x_wconf 89' lang='lat' dir='ltr'><strong>Da·</strong></span> <span class='ocrx_word' id='word_1_94' title='bbox 1124 1187 1243 1262; x_wconf 91' lang='lat' dir='ltr'><strong>Deum</strong></span> <span class='ocrx_word' id='word_1_95' title='bbox 1260 1189 1448 1281; x_wconf 88' lang='lat' dir='ltr'><strong>praecipue</strong></span> <span class='ocrx_word' id='word_1_96' title='bbox 1467 1191 1513 1262; x_wconf 90' lang='lat' dir='ltr'><strong>ad</strong></span> <span class='ocrx_word' id='word_1_97' title='bbox 1537 1185 1605 1260; x_wconf 88' lang='lat' dir='ltr'><strong>hoc</strong></span> <span class='ocrx_word' id='word_1_98' title='bbox 1620 1211 1754 1261; x_wconf 92' lang='lat' dir='ltr'><strong>munus</strong></span> <span class='ocrx_word' id='word_1_99' title='bbox 1774 1187 1977 1260; x_wconf 84' lang='lat' dir='ltr'><strong>condidisse</strong></span> <span class='ocrx_word' id='word_1_100' title='bbox 2001 1199 2115 1258; x_wconf 84' lang='lat' dir='ltr'><strong>totum</strong></span> 
     </span>
     <span class='ocr_line' id='line_1_10' title="bbox 86 1285 2115 1384; baseline -0.001 -21"><span class='ocrx_word' id='word_1_101' title='bbox 86 1294 166 1380; x_wconf 87' lang='lat' dir='ltr'><strong>vid,</strong></span> <span class='ocrx_word' id='word_1_102' title='bbox 199 1315 246 1362; x_wconf 90' lang='lat' dir='ltr'><strong>ne</strong></span> <span class='ocrx_word' id='word_1_103' title='bbox 277 1293 317 1362; x_wconf 94' lang='lat' dir='ltr'><strong>in</strong></span> <span class='ocrx_word' id='word_1_104' title='bbox 338 1291 523 1384; x_wconf 82' lang='lat' dir='ltr'><strong>poblicum</strong></span> <span class='ocrx_word' id='word_1_105' title='bbox 548 1291 746 1384; x_wconf 86' lang='lat' dir='ltr'><strong>prodirent.</strong></span> <span class='ocrx_word' id='word_1_106' title='bbox 807 1285 913 1362; x_wconf 91' lang='lat' dir='ltr'><strong>Nunc</strong></span> <span class='ocrx_word' id='word_1_107' title='bbox 934 1287 1075 1362; x_wconf 89' lang='lat' dir='ltr'><strong>schola·</strong></span> <span class='ocrx_word' id='word_1_108' title='bbox 1126 1315 1237 1384; x_wconf 89' lang='lat' dir='ltr'><strong>genus</strong></span> <span class='ocrx_word' id='word_1_109' title='bbox 1259 1287 1479 1378; x_wconf 89' lang='lat' dir='ltr'><strong>humanum,</strong></span> <span class='ocrx_word' id='word_1_110' title='bbox 1504 1306 1545 1362; x_wconf 92' lang='lat' dir='ltr'><strong>ut</strong></span> <span class='ocrx_word' id='word_1_111' title='bbox 1566 1291 1642 1384; x_wconf 87' lang='lat' dir='ltr'><strong>ipse</strong></span> <span class='ocrx_word' id='word_1_112' title='bbox 1667 1292 1884 1375; x_wconf 88' lang='lat' dir='ltr'><strong>innotescat,</strong></span> <span class='ocrx_word' id='word_1_113' title='bbox 1909 1303 1946 1362; x_wconf 91' lang='lat' dir='ltr'><strong>et</strong></span> <span class='ocrx_word' id='word_1_114' title='bbox 1958 1289 2115 1362; x_wconf 83' lang='lat' dir='ltr'><strong>celebre·</strong></span> 
     </span>
     <span class='ocr_line' id='line_1_11' title="bbox 86 1387 2205 1490; baseline -0.002 -24"><span class='ocrx_word' id='word_1_115' title='bbox 86 1395 186 1480; x_wconf 90' lang='lat' dir='ltr'><strong>stici,</strong></span> <span class='ocrx_word' id='word_1_116' title='bbox 228 1395 290 1490; x_wconf 90' lang='lat' dir='ltr'><strong>qni</strong></span> <span class='ocrx_word' id='word_1_117' title='bbox 313 1395 493 1466; x_wconf 89' lang='lat' dir='ltr'><strong>debebant</strong></span> <span class='ocrx_word' id='word_1_118' title='bbox 515 1393 731 1484; x_wconf 85' lang='lat' dir='ltr'><strong>singularem</strong></span> <span class='ocrx_word' id='word_1_119' title='bbox 756 1395 1007 1464; x_wconf 90' lang='lat' dir='ltr'><strong>verecundiam</strong></span> <span class='ocrx_word' id='word_1_120' title='bbox 1042 1408 1076 1465; x_wconf 91' lang='lat' dir='ltr'><strong>et</strong></span> <span class='ocrx_word' id='word_1_121' title='bbox 1126 1409 1205 1480; x_wconf 90' lang='lat' dir='ltr'><strong>tur,</strong></span> <span class='ocrx_word' id='word_1_122' title='bbox 1231 1407 1266 1466; x_wconf 90' lang='lat' dir='ltr'><strong>et</strong></span> <span class='ocrx_word' id='word_1_123' title='bbox 1287 1395 1417 1466; x_wconf 86' lang='lat' dir='ltr'><strong>tradita</strong></span> <span class='ocrx_word' id='word_1_124' title='bbox 1441 1417 1503 1468; x_wconf 90' lang='lat' dir='ltr'><strong>sua</strong></span> <span class='ocrx_word' id='word_1_125' title='bbox 1519 1419 1607 1464; x_wconf 86' lang='lat' dir='ltr'><strong>voce</strong></span> <span class='ocrx_word' id='word_1_126' title='bbox 1627 1407 1824 1466; x_wconf 86' lang='lat' dir='ltr'><strong>conventus</strong></span> <span class='ocrx_word' id='word_1_127' title='bbox 1840 1387 2028 1464; x_wconf 87' lang='lat' dir='ltr'><strong>hominum</strong></span> <span class='ocrx_word' id='word_1_128' title='bbox 2056 1392 2115 1462; x_wconf 89' lang='lat' dir='ltr'><strong>in·</strong></span> <span class='ocrx_word' id='word_1_129' title='bbox 2198 1455 2205 1476; x_wconf 76' lang='grc'><strong>,</strong></span> 
     </span>
     <span class='ocr_line' id='line_1_12' title="bbox 84 1491 2115 1592; baseline -0.001 -24"><span class='ocrx_word' id='word_1_130' title='bbox 84 1498 296 1570; x_wconf 86' lang='lat' dir='ltr'><strong>modestiam</strong></span> <span class='ocrx_word' id='word_1_131' title='bbox 321 1518 405 1590; x_wconf 87' lang='lat' dir='ltr'><strong>prae</strong></span> <span class='ocrx_word' id='word_1_132' title='bbox 430 1519 466 1566; x_wconf 91' lang='lat' dir='ltr'><strong>se</strong></span> <span class='ocrx_word' id='word_1_133' title='bbox 486 1495 600 1582; x_wconf 86' lang='lat' dir='ltr'><strong>serre,</strong></span> <span class='ocrx_word' id='word_1_134' title='bbox 632 1495 805 1566; x_wconf 90' lang='lat' dir='ltr'><strong>incedunt</strong></span> <span class='ocrx_word' id='word_1_135' title='bbox 828 1495 867 1565; x_wconf 90' lang='lat' dir='ltr'><strong>in</strong></span> <span class='ocrx_word' id='word_1_136' title='bbox 890 1491 947 1567; x_wconf 89' lang='lat' dir='ltr'><strong>his</strong></span> <span class='ocrx_word' id='word_1_137' title='bbox 967 1497 1075 1568; x_wconf 88' lang='lat' dir='ltr'><strong>curtis</strong></span> <span class='ocrx_word' id='word_1_138' title='bbox 1125 1498 1303 1576; x_wconf 81' lang='lat' dir='ltr'><strong>stituisse,</strong></span> <span class='ocrx_word' id='word_1_139' title='bbox 1328 1497 1521 1592; x_wconf 88' lang='lat' dir='ltr'><strong>inquibus</strong></span> <span class='ocrx_word' id='word_1_140' title='bbox 1545 1493 1907 1580; x_wconf 70' lang='grc'><strong>8888118188818,</strong></span> <span class='ocrx_word' id='word_1_141' title='bbox 1939 1493 2115 1574; x_wconf 74' lang='lat' dir='ltr'><strong>derebus</strong></span> 
     </span>
     <span class='ocr_line' id='line_1_13' title="bbox 84 1597 2115 1696; baseline -0.002 -26"><span class='ocrx_word' id='word_1_142' title='bbox 84 1599 250 1696; x_wconf 86' lang='lat' dir='ltr'><strong>penulis,</strong></span> <span class='ocrx_word' id='word_1_143' title='bbox 276 1623 367 1696; x_wconf 90' lang='lat' dir='ltr'><strong>quae</strong></span> <span class='ocrx_word' id='word_1_144' title='bbox 391 1623 466 1670; x_wconf 92' lang='lat' dir='ltr'><strong>non</strong></span> <span class='ocrx_word' id='word_1_145' title='bbox 491 1609 641 1691; x_wconf 85' lang='lat' dir='ltr'><strong>possunt</strong></span> <span class='ocrx_word' id='word_1_146' title='bbox 663 1621 703 1670; x_wconf 89' lang='lat' dir='ltr'><strong>ea</strong></span> <span class='ocrx_word' id='word_1_147' title='bbox 728 1611 865 1688; x_wconf 89' lang='lat' dir='ltr'><strong>tegere,</strong></span> <span class='ocrx_word' id='word_1_148' title='bbox 895 1623 985 1694; x_wconf 90' lang='lat' dir='ltr'><strong>quae</strong></span> <span class='ocrx_word' id='word_1_149' title='bbox 1010 1624 1077 1671; x_wconf 90' lang='lat' dir='ltr'><strong>na·</strong></span> <span class='ocrx_word' id='word_1_150' title='bbox 1127 1599 1297 1684; x_wconf 90' lang='lat' dir='ltr'><strong>aeternis,</strong></span> <span class='ocrx_word' id='word_1_151' title='bbox 1323 1613 1359 1672; x_wconf 92' lang='lat' dir='ltr'><strong>et</strong></span> <span class='ocrx_word' id='word_1_152' title='bbox 1372 1601 1495 1672; x_wconf 90' lang='lat' dir='ltr'><strong>multis</strong></span> <span class='ocrx_word' id='word_1_153' title='bbox 1511 1599 1592 1670; x_wconf 88' lang='lat' dir='ltr'><strong>aliis</strong></span> <span class='ocrx_word' id='word_1_154' title='bbox 1613 1600 1707 1675; x_wconf 85' lang='lat' dir='ltr'><strong>vitae</strong></span> <span class='ocrx_word' id='word_1_155' title='bbox 1727 1599 1913 1692; x_wconf 84' lang='lat' dir='ltr'><strong>praesidiis</strong></span> <span class='ocrx_word' id='word_1_156' title='bbox 1934 1597 1999 1670; x_wconf 90' lang='grc'><strong>8111</strong></span> <span class='ocrx_word' id='word_1_157' title='bbox 2025 1597 2115 1668; x_wconf 88' lang='grc'><strong>81188</strong></span> 
     </span>
     <span class='ocr_line' id='line_1_14' title="bbox 85 1695 2118 1798; baseline -0.004 -22"><span class='ocrx_word' id='word_1_158' title='bbox 85 1719 165 1776; x_wconf 88' lang='grc'><strong>1818</strong></span> <span class='ocrx_word' id='word_1_159' title='bbox 185 1703 301 1775; x_wconf 90' lang='lat' dir='ltr'><strong>voluit</strong></span> <span class='ocrx_word' id='word_1_160' title='bbox 318 1701 501 1774; x_wconf 89' lang='lat' dir='ltr'><strong>occultari.</strong></span> <span class='ocrx_word' id='word_1_161' title='bbox 1128 1705 1290 1776; x_wconf 91' lang='lat' dir='ltr'><strong>doceant.</strong></span> <span class='ocrx_word' id='word_1_162' title='bbox 1350 1701 1511 1798; x_wconf 86' lang='lat' dir='ltr'><strong>Cumque</strong></span> <span class='ocrx_word' id='word_1_163' title='bbox 1542 1703 1582 1772; x_wconf 92' lang='lat' dir='ltr'><strong>in</strong></span> <span class='ocrx_word' id='word_1_164' title='bbox 1621 1695 1691 1772; x_wconf 94' lang='lat' dir='ltr'><strong>hoc</strong></span> <span class='ocrx_word' id='word_1_165' title='bbox 1721 1702 1859 1774; x_wconf 90' lang='lat' dir='ltr'><strong>mundo</strong></span> <span class='ocrx_word' id='word_1_166' title='bbox 1891 1698 2013 1792; x_wconf 86' lang='lat' dir='ltr'><strong>magni</strong></span> <span class='ocrx_word' id='word_1_167' title='bbox 2045 1699 2118 1776; x_wconf 84' lang='lat' dir='ltr'><strong>sint</strong></span> 
     </span>
     <span class='ocr_line' id='line_1_15' title="bbox 186 1796 2118 1898; baseline -0.002 -22"><span class='ocrx_word' id='word_1_168' title='bbox 186 1801 484 1876; x_wconf 90' lang='lat' dir='ltr'><strong>Commemorabo</strong></span> <span class='ocrx_word' id='word_1_169' title='bbox 508 1796 695 1874; x_wconf 86' lang='lat' dir='ltr'><strong>historiam</strong></span> <span class='ocrx_word' id='word_1_170' title='bbox 725 1801 899 1898; x_wconf 90' lang='lat' dir='ltr'><strong>principis</strong></span> <span class='ocrx_word' id='word_1_171' title='bbox 920 1801 1075 1876; x_wconf 84' lang='lat' dir='ltr'><strong>Palatini</strong></span> <span class='ocrx_word' id='word_1_172' title='bbox 1129 1804 1364 1897; x_wconf 87' lang='lat' dir='ltr'><strong>imperiorum</strong></span> <span class='ocrx_word' id='word_1_173' title='bbox 1381 1807 1573 1886; x_wconf 84' lang='lat' dir='ltr'><strong>tumultus,</strong></span> <span class='ocrx_word' id='word_1_174' title='bbox 1599 1825 1747 1893; x_wconf 85' lang='lat' dir='ltr'><strong>magnae</strong></span> <span class='ocrx_word' id='word_1_175' title='bbox 1762 1805 1905 1888; x_wconf 81' lang='lat' dir='ltr'><strong>ruinae,</strong></span> <span class='ocrx_word' id='word_1_176' title='bbox 1923 1823 2018 1896; x_wconf 76' lang='lat' dir='ltr'><strong>quae</strong></span> <span class='ocrx_word' id='word_1_177' title='bbox 2033 1815 2118 1874; x_wconf 82' lang='lat' dir='ltr'><strong>sunt</strong></span> 
     </span>
     <span class='ocr_line' id='line_1_16' title="bbox 79 1903 2117 2000; baseline -0.003 -20"><span class='ocrx_word' id='word_1_178' title='bbox 79 1905 259 1980; x_wconf 87' lang='lat' dir='ltr'><strong>Friderici</strong></span> <span class='ocrx_word' id='word_1_179' title='bbox 278 1905 427 1978; x_wconf 87' lang='lat' dir='ltr'><strong>senioris</strong></span> <span class='ocrx_word' id='word_1_180' title='bbox 446 1905 560 1992; x_wconf 87' lang='lat' dir='ltr'><strong>illius,</strong></span> <span class='ocrx_word' id='word_1_181' title='bbox 576 1905 710 1999; x_wconf 89' lang='lat' dir='ltr'><strong>quires</strong></span> <span class='ocrx_word' id='word_1_182' title='bbox 728 1905 821 1975; x_wconf 89' lang='lat' dir='ltr'><strong>bello</strong></span> <span class='ocrx_word' id='word_1_183' title='bbox 837 1931 982 1998; x_wconf 90' lang='lat' dir='ltr'><strong>magnas</strong></span> <span class='ocrx_word' id='word_1_184' title='bbox 1000 1930 1077 1997; x_wconf 88' lang='lat' dir='ltr'><strong>ges-</strong></span> <span class='ocrx_word' id='word_1_185' title='bbox 1127 1909 1250 1980; x_wconf 82' lang='grc'><strong>1818188</strong></span> <span class='ocrx_word' id='word_1_186' title='bbox 1275 1931 1410 2000; x_wconf 89' lang='grc'><strong>888888</strong></span> <span class='ocrx_word' id='word_1_187' title='bbox 1434 1908 1582 1988; x_wconf 89' lang='grc'><strong>1888111,</strong></span> <span class='ocrx_word' id='word_1_188' title='bbox 1619 1909 1809 1980; x_wconf 78' lang='lat' dir='ltr'><strong>defendere</strong></span> <span class='ocrx_word' id='word_1_189' title='bbox 1834 1929 1915 1985; x_wconf 88' lang='lat' dir='ltr'><strong>cum</strong></span> <span class='ocrx_word' id='word_1_190' title='bbox 1940 1905 2028 1978; x_wconf 90' lang='lat' dir='ltr'><strong>tales</strong></span> <span class='ocrx_word' id='word_1_191' title='bbox 2050 1903 2117 1974; x_wconf 89' lang='lat' dir='ltr'><strong>ali·</strong></span> 
     </span>
     <span class='ocr_line' id='line_1_17' title="bbox 74 2003 2117 2106; baseline -0.001 -25"><span class='ocrx_word' id='word_1_192' title='bbox 74 2013 131 2086; x_wconf 90' lang='lat' dir='ltr'><strong>sit.</strong></span> <span class='ocrx_word' id='word_1_193' title='bbox 186 2007 252 2079; x_wconf 75' lang='lat' dir='ltr'><strong>Aa</strong></span> <span class='ocrx_word' id='word_1_194' title='bbox 277 2005 374 2080; x_wconf 92' lang='lat' dir='ltr'><strong>hunc</strong></span> <span class='ocrx_word' id='word_1_195' title='bbox 397 2023 542 2080; x_wconf 89' lang='lat' dir='ltr'><strong>venerat</strong></span> <span class='ocrx_word' id='word_1_196' title='bbox 564 2003 715 2079; x_wconf 87' lang='lat' dir='ltr'><strong>Carolus</strong></span> <span class='ocrx_word' id='word_1_197' title='bbox 737 2005 819 2078; x_wconf 83' lang='lat' dir='ltr'><strong>Dux</strong></span> <span class='ocrx_word' id='word_1_198' title='bbox 844 2005 1076 2100; x_wconf 92' lang='lat' dir='ltr'><strong>Burgundiae</strong></span> <span class='ocrx_word' id='word_1_199' title='bbox 1129 2035 1218 2106; x_wconf 88' lang='lat' dir='ltr'><strong>quos</strong></span> <span class='ocrx_word' id='word_1_200' title='bbox 1240 2025 1456 2098; x_wconf 84' lang='lat' dir='ltr'><strong>conventus,</strong></span> <span class='ocrx_word' id='word_1_201' title='bbox 1487 2035 1534 2080; x_wconf 91' lang='lat' dir='ltr'><strong>ne</strong></span> <span class='ocrx_word' id='word_1_202' title='bbox 1555 2033 1702 2102; x_wconf 81' lang='lat' dir='ltr'><strong>prorsus</strong></span> <span class='ocrx_word' id='word_1_203' title='bbox 1722 2010 1948 2099; x_wconf 84' lang='lat' dir='ltr'><strong>extinguatur</strong></span> <span class='ocrx_word' id='word_1_204' title='bbox 1970 2007 2031 2081; x_wconf 79' lang='lat' dir='ltr'><strong>lux</strong></span> <span class='ocrx_word' id='word_1_205' title='bbox 2052 2009 2117 2080; x_wconf 89' lang='lat' dir='ltr'><strong>do-</strong></span> 
     </span>
     <span class='ocr_line' id='line_1_18' title="bbox 73 2109 2117 2204; baseline -0.002 -20"><span class='ocrx_word' id='word_1_206' title='bbox 73 2117 113 2184; x_wconf 90' lang='grc'><strong>18</strong></span> <span class='ocrx_word' id='word_1_207' title='bbox 139 2135 266 2182; x_wconf 84' lang='lat' dir='ltr'><strong>arcem</strong></span> <span class='ocrx_word' id='word_1_208' title='bbox 286 2109 647 2202; x_wconf 84' lang='lat' dir='ltr'><strong>Heidelbergensem,</strong></span> <span class='ocrx_word' id='word_1_209' title='bbox 681 2109 785 2204; x_wconf 85' lang='lat' dir='ltr'><strong>eique</strong></span> <span class='ocrx_word' id='word_1_210' title='bbox 804 2111 909 2183; x_wconf 89' lang='lat' dir='ltr'><strong>&#39;inter</strong></span> <span class='ocrx_word' id='word_1_211' title='bbox 941 2127 1075 2186; x_wconf 89' lang='lat' dir='ltr'><strong>caetera</strong></span> <span class='ocrx_word' id='word_1_212' title='bbox 1129 2113 1266 2184; x_wconf 89' lang='lat' dir='ltr'><strong>ctrinae</strong></span> <span class='ocrx_word' id='word_1_213' title='bbox 1288 2113 1457 2188; x_wconf 85' lang='lat' dir='ltr'><strong>coelestis.</strong></span> <span class='ocrx_word' id='word_1_214' title='bbox 1511 2111 1589 2184; x_wconf 82' lang='lat' dir='ltr'><strong>Hac</strong></span> <span class='ocrx_word' id='word_1_215' title='bbox 1611 2112 1810 2186; x_wconf 79' lang='lat' dir='ltr'><strong>confirmati</strong></span> <span class='ocrx_word' id='word_1_216' title='bbox 1836 2110 2030 2192; x_wconf 82' lang='lat' dir='ltr'><strong>sententia,</strong></span> <span class='ocrx_word' id='word_1_217' title='bbox 2055 2135 2117 2180; x_wconf 88' lang='lat' dir='ltr'><strong>co-</strong></span> 
     </span>
     <span class='ocr_line' id='line_1_19' title="bbox 72 2203 2124 2310; baseline -0.002 -22"><span class='ocrx_word' id='word_1_218' title='bbox 72 2215 218 2297; x_wconf 78' lang='lat' dir='ltr'><strong>Xenia,</strong></span> <span class='ocrx_word' id='word_1_219' title='bbox 242 2227 283 2286; x_wconf 92' lang='lat' dir='ltr'><strong>ut</strong></span> <span class='ocrx_word' id='word_1_220' title='bbox 298 2211 356 2295; x_wconf 96' lang='grc'><strong>81,</strong></span> <span class='ocrx_word' id='word_1_221' title='bbox 380 2213 478 2283; x_wconf 89' lang='grc'><strong>11888</strong></span> <span class='ocrx_word' id='word_1_222' title='bbox 493 2213 592 2283; x_wconf 90' lang='lat' dir='ltr'><strong>dedit</strong></span> <span class='ocrx_word' id='word_1_223' title='bbox 609 2203 817 2308; x_wconf 58' lang='lat' dir='ltr'><strong>pallium‘ex</strong></span> <span class='ocrx_word' id='word_1_224' title='bbox 840 2239 1000 2310; x_wconf 90' lang='lat' dir='ltr'><strong>purpura</strong></span> <span class='ocrx_word' id='word_1_225' title='bbox 1023 2215 1076 2284; x_wconf 85' lang='lat' dir='ltr'><strong>ia·</strong></span> <span class='ocrx_word' id='word_1_226' title='bbox 1127 2217 1280 2306; x_wconf 85' lang='lat' dir='ltr'><strong>gitemus</strong></span> <span class='ocrx_word' id='word_1_227' title='bbox 1303 2210 1442 2296; x_wconf 85' lang='lat' dir='ltr'><strong>scholas</strong></span> <span class='ocrx_word' id='word_1_228' title='bbox 1465 2211 1534 2286; x_wconf 86' lang='lat' dir='ltr'><strong>Dei</strong></span> <span class='ocrx_word' id='word_1_229' title='bbox 1556 2215 1700 2304; x_wconf 87' lang='lat' dir='ltr'><strong>politias</strong></span> <span class='ocrx_word' id='word_1_230' title='bbox 1723 2238 1819 2295; x_wconf 83' lang='lat' dir='ltr'><strong>esse.</strong></span> <span class='ocrx_word' id='word_1_231' title='bbox 1846 2227 1880 2288; x_wconf 84' lang='lat' dir='ltr'><strong>st</strong></span> <span class='ocrx_word' id='word_1_232' title='bbox 1903 2239 1923 2282; x_wconf 91' lang='lat' dir='ltr'><strong>a</strong></span> <span class='ocrx_word' id='word_1_233' title='bbox 1946 2213 2023 2290; x_wconf 87' lang='lat' dir='ltr'><strong>Deo</strong></span> <span class='ocrx_word' id='word_1_234' title='bbox 2040 2235 2124 2284; x_wconf 87' lang='lat' dir='ltr'><strong>ser--</strong></span> 
     </span>
     <span class='ocr_line' id='line_1_20' title="bbox 78 2313 2119 2406; baseline -0.001 -18"><span class='ocrx_word' id='word_1_235' title='bbox 78 2333 196 2397; x_wconf 92' lang='lat' dir='ltr'><strong>ctum,</strong></span> <span class='ocrx_word' id='word_1_236' title='bbox 227 2329 262 2386; x_wconf 93' lang='lat' dir='ltr'><strong>et</strong></span> <span class='ocrx_word' id='word_1_237' title='bbox 285 2329 452 2386; x_wconf 90' lang='lat' dir='ltr'><strong>ornatum</strong></span> <span class='ocrx_word' id='word_1_238' title='bbox 477 2313 646 2406; x_wconf 88' lang='lat' dir='ltr'><strong>preciosis</strong></span> <span class='ocrx_word' id='word_1_239' title='bbox 670 2316 837 2406; x_wconf 88' lang='lat' dir='ltr'><strong>gemmis,</strong></span> <span class='ocrx_word' id='word_1_240' title='bbox 873 2317 1076 2403; x_wconf 81' lang='grc'><strong>8811818118,</strong></span> <span class='ocrx_word' id='word_1_241' title='bbox 1129 2318 1224 2403; x_wconf 84' lang='lat' dir='ltr'><strong>vari,</strong></span> <span class='ocrx_word' id='word_1_242' title='bbox 1255 2319 1317 2390; x_wconf 88' lang='lat' dir='ltr'><strong>sed</strong></span> <span class='ocrx_word' id='word_1_243' title='bbox 1338 2317 1426 2388; x_wconf 89' lang='grc'><strong>81188</strong></span> <span class='ocrx_word' id='word_1_244' title='bbox 1447 2317 1527 2390; x_wconf 89' lang='grc'><strong>81118</strong></span> <span class='ocrx_word' id='word_1_245' title='bbox 1556 2317 1668 2398; x_wconf 93' lang='grc'><strong>18818,</strong></span> <span class='ocrx_word' id='word_1_246' title='bbox 1699 2317 1786 2388; x_wconf 89' lang='lat' dir='ltr'><strong>alias</strong></span> <span class='ocrx_word' id='word_1_247' title='bbox 1808 2317 1847 2388; x_wconf 92' lang='grc'><strong>18</strong></span> <span class='ocrx_word' id='word_1_248' title='bbox 1867 2316 1947 2388; x_wconf 90' lang='grc'><strong>81118</strong></span> <span class='ocrx_word' id='word_1_249' title='bbox 1966 2315 2119 2386; x_wconf 84' lang='grc'><strong>11818181-</strong></span> 
     </span>
     <span class='ocr_line' id='line_1_21' title="bbox 77 2409 2118 2510; baseline -0.001 -19"><span class='ocrx_word' id='word_1_250' title='bbox 77 2434 120 2491; x_wconf 92' lang='grc'><strong>81</strong></span> <span class='ocrx_word' id='word_1_251' title='bbox 144 2433 237 2489; x_wconf 90' lang='grc'><strong>1888</strong></span> <span class='ocrx_word' id='word_1_252' title='bbox 263 2432 337 2488; x_wconf 90' lang='lat' dir='ltr'><strong>erat</strong></span> <span class='ocrx_word' id='word_1_253' title='bbox 353 2413 514 2488; x_wconf 92' lang='lat' dir='ltr'><strong>Gallicae</strong></span> <span class='ocrx_word' id='word_1_254' title='bbox 541 2417 658 2508; x_wconf 89' lang='lat' dir='ltr'><strong>gentis</strong></span> <span class='ocrx_word' id='word_1_255' title='bbox 682 2409 840 2492; x_wconf 85' lang='lat' dir='ltr'><strong>vestitus.</strong></span> <span class='ocrx_word' id='word_1_256' title='bbox 891 2415 1076 2491; x_wconf 89' lang='lat' dir='ltr'><strong>Palatinus</strong></span> <span class='ocrx_word' id='word_1_257' title='bbox 1128 2421 1199 2493; x_wconf 88' lang='lat' dir='ltr'><strong>liis.</strong></span> <span class='ocrx_word' id='word_1_258' title='bbox 1252 2419 1345 2490; x_wconf 88' lang='lat' dir='ltr'><strong>Nam</strong></span> <span class='ocrx_word' id='word_1_259' title='bbox 1364 2445 1445 2491; x_wconf 88' lang='lat' dir='ltr'><strong>cum</strong></span> <span class='ocrx_word' id='word_1_260' title='bbox 1460 2420 1623 2494; x_wconf 81' lang='grc'><strong>88811188</strong></span> <span class='ocrx_word' id='word_1_261' title='bbox 1639 2422 1872 2510; x_wconf 86' lang='lat' dir='ltr'><strong>depravatur,</strong></span> <span class='ocrx_word' id='word_1_262' title='bbox 1899 2432 1936 2490; x_wconf 85' lang='lat' dir='ltr'><strong>et</strong></span> <span class='ocrx_word' id='word_1_263' title='bbox 1951 2419 1990 2488; x_wconf 90' lang='lat' dir='ltr'><strong>in</strong></span> <span class='ocrx_word' id='word_1_264' title='bbox 2005 2419 2118 2491; x_wconf 85' lang='lat' dir='ltr'><strong>mori-</strong></span> 
     </span>
     <span class='ocr_line' id='line_1_22' title="bbox 77 2513 2117 2614; baseline 0 -22"><span class='ocrx_word' id='word_1_265' title='bbox 77 2519 290 2592; x_wconf 84' lang='lat' dir='ltr'><strong>Fridericus</strong></span> <span class='ocrx_word' id='word_1_266' title='bbox 312 2519 350 2589; x_wconf 91' lang='lat' dir='ltr'><strong>iu</strong></span> <span class='ocrx_word' id='word_1_267' title='bbox 374 2519 523 2612; x_wconf 78' lang='lat' dir='ltr'><strong>gratiam</strong></span> <span class='ocrx_word' id='word_1_268' title='bbox 546 2513 700 2612; x_wconf 89' lang='lat' dir='ltr'><strong>hospitis</strong></span> <span class='ocrx_word' id='word_1_269' title='bbox 723 2519 834 2612; x_wconf 93' lang='lat' dir='ltr'><strong>pallio</strong></span> <span class='ocrx_word' id='word_1_270' title='bbox 858 2519 911 2590; x_wconf 90' lang='lat' dir='ltr'><strong>uti</strong></span> <span class='ocrx_word' id='word_1_271' title='bbox 925 2523 1075 2614; x_wconf 87' lang='lat' dir='ltr'><strong>cogeba-</strong></span> <span class='ocrx_word' id='word_1_272' title='bbox 1128 2523 1195 2594; x_wconf 86' lang='lat' dir='ltr'><strong>bus</strong></span> <span class='ocrx_word' id='word_1_273' title='bbox 1225 2523 1410 2596; x_wconf 85' lang='lat' dir='ltr'><strong>barbarico</strong></span> <span class='ocrx_word' id='word_1_274' title='bbox 1433 2523 1597 2594; x_wconf 75' lang='lat' dir='ltr'><strong>ferocitas</strong></span> <span class='ocrx_word' id='word_1_275' title='bbox 1615 2522 1744 2614; x_wconf 83' lang='lat' dir='ltr'><strong>solutis</strong></span> <span class='ocrx_word' id='word_1_276' title='bbox 1765 2521 1975 2612; x_wconf 85' lang='lat' dir='ltr'><strong>disciplinae</strong></span> <span class='ocrx_word' id='word_1_277' title='bbox 1997 2521 2117 2593; x_wconf 78' lang='lat' dir='ltr'><strong>nervis</strong></span> 
     </span>
     <span class='ocr_line' id='line_1_23' title="bbox 77 2619 2118 2718; baseline -0.001 -24"><span class='ocrx_word' id='word_1_278' title='bbox 77 2637 156 2710; x_wconf 93' lang='lat' dir='ltr'><strong>tur,</strong></span> <span class='ocrx_word' id='word_1_279' title='bbox 184 2621 327 2693; x_wconf 90' lang='lat' dir='ltr'><strong>etiamsi</strong></span> <span class='ocrx_word' id='word_1_280' title='bbox 350 2621 411 2692; x_wconf 90' lang='lat' dir='ltr'><strong>illa</strong></span> <span class='ocrx_word' id='word_1_281' title='bbox 426 2621 582 2692; x_wconf 88' lang='lat' dir='ltr'><strong>brevitas</strong></span> <span class='ocrx_word' id='word_1_282' title='bbox 606 2621 662 2691; x_wconf 93' lang='lat' dir='ltr'><strong>illi</strong></span> <span class='ocrx_word' id='word_1_283' title='bbox 684 2619 882 2714; x_wconf 88' lang='lat' dir='ltr'><strong>displicuit.</strong></span> <span class='ocrx_word' id='word_1_284' title='bbox 933 2619 985 2696; x_wconf 90' lang='lat' dir='ltr'><strong>Ut</strong></span> <span class='ocrx_word' id='word_1_285' title='bbox 1011 2649 1075 2696; x_wconf 92' lang='lat' dir='ltr'><strong>au·</strong></span> <span class='ocrx_word' id='word_1_286' title='bbox 1127 2624 1260 2710; x_wconf 92' lang='lat' dir='ltr'><strong>oritur,</strong></span> <span class='ocrx_word' id='word_1_287' title='bbox 1286 2640 1407 2696; x_wconf 89' lang='lat' dir='ltr'><strong>coetus</strong></span> <span class='ocrx_word' id='word_1_288' title='bbox 1429 2624 1489 2696; x_wconf 92' lang='lat' dir='ltr'><strong>ille</strong></span> <span class='ocrx_word' id='word_1_289' title='bbox 1510 2627 1670 2701; x_wconf 86' lang='lat' dir='ltr'><strong>desertus</strong></span> <span class='ocrx_word' id='word_1_290' title='bbox 1689 2621 1804 2697; x_wconf 87' lang='lat' dir='ltr'><strong>aDeo</strong></span> <span class='ocrx_word' id='word_1_291' title='bbox 1821 2625 2032 2718; x_wconf 87' lang='lat' dir='ltr'><strong>dissipatur,</strong></span> <span class='ocrx_word' id='word_1_292' title='bbox 2057 2634 2118 2692; x_wconf 91' lang='lat' dir='ltr'><strong>aut</strong></span> 
     </span>
     <span class='ocr_line' id='line_1_24' title="bbox 78 2720 2119 2820; baseline -0 -22"><span class='ocrx_word' id='word_1_293' title='bbox 78 2742 153 2798; x_wconf 89' lang='lat' dir='ltr'><strong>tem</strong></span> <span class='ocrx_word' id='word_1_294' title='bbox 174 2725 306 2796; x_wconf 91' lang='lat' dir='ltr'><strong>melius</strong></span> <span class='ocrx_word' id='word_1_295' title='bbox 324 2737 456 2816; x_wconf 88' lang='lat' dir='ltr'><strong>tegeret</strong></span> <span class='ocrx_word' id='word_1_296' title='bbox 471 2725 629 2818; x_wconf 89' lang='lat' dir='ltr'><strong>priorem</strong></span> <span class='ocrx_word' id='word_1_297' title='bbox 653 2725 815 2815; x_wconf 85' lang='lat' dir='ltr'><strong>corporis</strong></span> <span class='ocrx_word' id='word_1_298' title='bbox 830 2739 987 2820; x_wconf 90' lang='lat' dir='ltr'><strong>partem,</strong></span> <span class='ocrx_word' id='word_1_299' title='bbox 1013 2752 1075 2798; x_wconf 90' lang='lat' dir='ltr'><strong>cu·</strong></span> <span class='ocrx_word' id='word_1_300' title='bbox 1127 2727 1540 2800; x_wconf 86' lang='lat' dir='ltr'><strong>suissuroribusruitin</strong></span> <span class='ocrx_word' id='word_1_301' title='bbox 1556 2727 1914 2818; x_wconf 79' lang='lat' dir='ltr'><strong>poenas&#39;eteaitium.</strong></span> <span class='ocrx_word' id='word_1_302' title='bbox 1953 2723 2036 2796; x_wconf 87' lang='lat' dir='ltr'><strong>Non</strong></span> <span class='ocrx_word' id='word_1_303' title='bbox 2051 2720 2119 2802; x_wconf 86' lang='lat' dir='ltr'><strong>hos</strong></span> 
     </span>
     <span class='ocr_line' id='line_1_25' title="bbox 78 2827 2117 2926; baseline 0 -26"><span class='ocrx_word' id='word_1_304' title='bbox 78 2827 175 2900; x_wconf 89' lang='lat' dir='ltr'><strong>ravit</strong></span> <span class='ocrx_word' id='word_1_305' title='bbox 191 2827 262 2898; x_wconf 90' lang='lat' dir='ltr'><strong>sibi</strong></span> <span class='ocrx_word' id='word_1_306' title='bbox 276 2827 496 2920; x_wconf 87' lang='lat' dir='ltr'><strong>marsupium</strong></span> <span class='ocrx_word' id='word_1_307' title='bbox 513 2828 629 2899; x_wconf 91' lang='lat' dir='ltr'><strong>latum</strong></span> <span class='ocrx_word' id='word_1_308' title='bbox 650 2851 691 2897; x_wconf 83' lang='lat' dir='ltr'><strong>ex</strong></span> <span class='ocrx_word' id='word_1_309' title='bbox 705 2849 863 2922; x_wconf 85' lang='lat' dir='ltr'><strong>purpura</strong></span> <span class='ocrx_word' id='word_1_310' title='bbox 881 2829 977 2916; x_wconf 87' lang='grc'><strong>8811,</strong></span> <span class='ocrx_word' id='word_1_311' title='bbox 1003 2855 1074 2926; x_wconf 90' lang='lat' dir='ltr'><strong>quo</strong></span> <span class='ocrx_word' id='word_1_312' title='bbox 1125 2831 1278 2922; x_wconf 86' lang='lat' dir='ltr'><strong>parietes</strong></span> <span class='ocrx_word' id='word_1_313' title='bbox 1293 2852 1375 2902; x_wconf 88' lang='lat' dir='ltr'><strong>casn</strong></span> <span class='ocrx_word' id='word_1_314' title='bbox 1391 2845 1498 2916; x_wconf 85' lang='lat' dir='ltr'><strong>stare,</strong></span> <span class='ocrx_word' id='word_1_315' title='bbox 1515 2853 1590 2900; x_wconf 89' lang='lat' dir='ltr'><strong>non</strong></span> <span class='ocrx_word' id='word_1_316' title='bbox 1606 2853 1688 2902; x_wconf 89' lang='lat' dir='ltr'><strong>casu</strong></span> <span class='ocrx_word' id='word_1_317' title='bbox 1703 2843 1757 2902; x_wconf 91' lang='lat' dir='ltr'><strong>tot</strong></span> <span class='ocrx_word' id='word_1_318' title='bbox 1775 2831 1913 2904; x_wconf 86' lang='lat' dir='ltr'><strong>lumina</strong></span> <span class='ocrx_word' id='word_1_319' title='bbox 1929 2829 2117 2900; x_wconf 87' lang='lat' dir='ltr'><strong>doctorum</strong></span> 
     </span>
     <span class='ocr_line' id='line_1_26' title="bbox 77 2921 2117 3024; baseline -0.001 -22"><span class='ocrx_word' id='word_1_320' title='bbox 77 2929 272 3002; x_wconf 87' lang='lat' dir='ltr'><strong>incedebat</strong></span> <span class='ocrx_word' id='word_1_321' title='bbox 294 2943 462 3024; x_wconf 89' lang='lat' dir='ltr'><strong>tanquam</strong></span> <span class='ocrx_word' id='word_1_322' title='bbox 478 2921 658 3003; x_wconf 90' lang='grc'><strong>11888888</strong></span> <span class='ocrx_word' id='word_1_323' title='bbox 682 2941 805 3005; x_wconf 88' lang='lat' dir='ltr'><strong>tectus.</strong></span> <span class='ocrx_word' id='word_1_324' title='bbox 855 2929 973 3002; x_wconf 86' lang='lat' dir='ltr'><strong>Tanta</strong></span> <span class='ocrx_word' id='word_1_325' title='bbox 1000 2948 1075 3006; x_wconf 89' lang='lat' dir='ltr'><strong>erat</strong></span> <span class='ocrx_word' id='word_1_326' title='bbox 1128 2934 1308 3018; x_wconf 87' lang='lat' dir='ltr'><strong>virorum,</strong></span> <span class='ocrx_word' id='word_1_327' title='bbox 1333 2947 1386 3004; x_wconf 93' lang='grc'><strong>181</strong></span> <span class='ocrx_word' id='word_1_328' title='bbox 1403 2933 1581 3024; x_wconf 82' lang='grc'><strong>8188818111</strong></span> <span class='ocrx_word' id='word_1_329' title='bbox 1603 2933 1764 3024; x_wconf 91' lang='lat' dir='ltr'><strong>ingenia,</strong></span> <span class='ocrx_word' id='word_1_330' title='bbox 1788 2934 1827 3004; x_wconf 92' lang='lat' dir='ltr'><strong>in</strong></span> <span class='ocrx_word' id='word_1_331' title='bbox 1845 2931 2117 3008; x_wconf 86' lang='lat' dir='ltr'><strong>unolocoesse‚</strong></span> 
     </span>
     <span class='ocr_line' id='line_1_27' title="bbox 77 3027 2119 3129; baseline -0.001 -21"><span class='ocrx_word' id='word_1_332' title='bbox 77 3049 168 3108; x_wconf 89' lang='lat' dir='ltr'><strong>tunc</strong></span> <span class='ocrx_word' id='word_1_333' title='bbox 184 3033 224 3102; x_wconf 93' lang='lat' dir='ltr'><strong>in</strong></span> <span class='ocrx_word' id='word_1_334' title='bbox 242 3027 434 3104; x_wconf 91' lang='lat' dir='ltr'><strong>Germanis</strong></span> <span class='ocrx_word' id='word_1_335' title='bbox 450 3033 624 3126; x_wconf 84' lang='lat' dir='ltr'><strong>gravitas,</strong></span> <span class='ocrx_word' id='word_1_336' title='bbox 647 3043 768 3104; x_wconf 91' lang='lat' dir='ltr'><strong>tantus</strong></span> <span class='ocrx_word' id='word_1_337' title='bbox 784 3057 887 3104; x_wconf 91' lang='lat' dir='ltr'><strong>amor</strong></span> <span class='ocrx_word' id='word_1_338' title='bbox 901 3059 1074 3108; x_wconf 86' lang='lat' dir='ltr'><strong>verecun-</strong></span> <span class='ocrx_word' id='word_1_339' title='bbox 1126 3036 1518 3129; x_wconf 87' lang='grc'><strong>18188181881881818,</strong></span> <span class='ocrx_word' id='word_1_340' title='bbox 1542 3035 1906 3126; x_wconf 88' lang='lat' dir='ltr'><strong>difficultatepntctis.</strong></span> <span class='ocrx_word' id='word_1_341' title='bbox 1959 3032 2031 3104; x_wconf 88' lang='lat' dir='ltr'><strong>Sed</strong></span> <span class='ocrx_word' id='word_1_342' title='bbox 2050 3031 2119 3107; x_wconf 84' lang='lat' dir='ltr'><strong>Dei</strong></span> 
     </span>
     <span class='ocr_line' id='line_1_28' title="bbox 75 3133 2116 3228; baseline -0.003 -18"><span class='ocrx_word' id='word_1_343' title='bbox 75 3139 171 3210; x_wconf 90' lang='lat' dir='ltr'><strong>diae.</strong></span> <span class='ocrx_word' id='word_1_344' title='bbox 236 3133 343 3213; x_wconf 89' lang='lat' dir='ltr'><strong>Nunc</strong></span> <span class='ocrx_word' id='word_1_345' title='bbox 383 3135 530 3208; x_wconf 87' lang='lat' dir='ltr'><strong>vestitus</strong></span> <span class='ocrx_word' id='word_1_346' title='bbox 572 3133 830 3228; x_wconf 88' lang='lat' dir='ltr'><strong>impudentiam</strong></span> <span class='ocrx_word' id='word_1_347' title='bbox 869 3137 1072 3209; x_wconf 91' lang='lat' dir='ltr'><strong>animorum</strong></span> <span class='ocrx_word' id='word_1_348' title='bbox 1124 3139 1285 3212; x_wconf 81' lang='lat' dir='ltr'><strong>bonitate</strong></span> <span class='ocrx_word' id='word_1_349' title='bbox 1309 3134 1395 3210; x_wconf 87' lang='lat' dir='ltr'><strong>haec</strong></span> <span class='ocrx_word' id='word_1_350' title='bbox 1427 3151 1501 3210; x_wconf 89' lang='lat' dir='ltr'><strong>tota</strong></span> <span class='ocrx_word' id='word_1_351' title='bbox 1523 3133 1655 3212; x_wconf 80' lang='lat' dir='ltr'><strong>Schola</strong></span> <span class='ocrx_word' id='word_1_352' title='bbox 1685 3133 1857 3211; x_wconf 89' lang='lat' dir='ltr'><strong>hactenus</strong></span> <span class='ocrx_word' id='word_1_353' title='bbox 1885 3150 2022 3208; x_wconf 88' lang='lat' dir='ltr'><strong>servata</strong></span> <span class='ocrx_word' id='word_1_354' title='bbox 2053 3148 2116 3206; x_wconf 90' lang='lat' dir='ltr'><strong>est.</strong></span> 
     </span>
     <span class='ocr_line' id='line_1_29' title="bbox 73 3235 2117 3332; baseline -0.002 -18"><span class='ocrx_word' id='word_1_355' title='bbox 73 3240 250 3314; x_wconf 90' lang='lat' dir='ltr'><strong>ostendit.</strong></span> <span class='ocrx_word' id='word_1_356' title='bbox 303 3235 388 3309; x_wconf 91' lang='lat' dir='ltr'><strong>ldeo</strong></span> <span class='ocrx_word' id='word_1_357' title='bbox 409 3261 496 3329; x_wconf 89' lang='lat' dir='ltr'><strong>rogo</strong></span> <span class='ocrx_word' id='word_1_358' title='bbox 516 3263 598 3320; x_wconf 87' lang='lat' dir='ltr'><strong>vos,</strong></span> <span class='ocrx_word' id='word_1_359' title='bbox 622 3251 664 3310; x_wconf 93' lang='lat' dir='ltr'><strong>ut</strong></span> <span class='ocrx_word' id='word_1_360' title='bbox 686 3237 797 3330; x_wconf 86' lang='lat' dir='ltr'><strong>ligura</strong></span> <span class='ocrx_word' id='word_1_361' title='bbox 824 3240 971 3312; x_wconf 87' lang='lat' dir='ltr'><strong>vestitus</strong></span> <span class='ocrx_word' id='word_1_362' title='bbox 994 3255 1075 3312; x_wconf 89' lang='lat' dir='ltr'><strong>uta·</strong></span> <span class='ocrx_word' id='word_1_363' title='bbox 1125 3241 1246 3314; x_wconf 83' lang='lat' dir='ltr'><strong>Simus</strong></span> <span class='ocrx_word' id='word_1_364' title='bbox 1260 3241 1373 3332; x_wconf 88' lang='lat' dir='ltr'><strong>igitur</strong></span> <span class='ocrx_word' id='word_1_365' title='bbox 1394 3241 1486 3330; x_wconf 85' lang='lat' dir='ltr'><strong>greti</strong></span> <span class='ocrx_word' id='word_1_366' title='bbox 1502 3241 1673 3312; x_wconf 89' lang='lat' dir='ltr'><strong>omnibus</strong></span> <span class='ocrx_word' id='word_1_367' title='bbox 1687 3239 1780 3312; x_wconf 89' lang='lat' dir='ltr'><strong>veris</strong></span> <span class='ocrx_word' id='word_1_368' title='bbox 1797 3240 1941 3326; x_wconf 83' lang='lat' dir='ltr'><strong>officiis,</strong></span> <span class='ocrx_word' id='word_1_369' title='bbox 1966 3253 2001 3310; x_wconf 92' lang='lat' dir='ltr'><strong>et</strong></span> <span class='ocrx_word' id='word_1_370' title='bbox 2014 3261 2117 3322; x_wconf 80' lang='grc'><strong>8818-</strong></span> 
     </span>
     <span class='ocr_line' id='line_1_30' title="bbox 75 3339 2116 3440; baseline -0.003 -25"><span class='ocrx_word' id='word_1_371' title='bbox 75 3343 190 3430; x_wconf 89' lang='grc'><strong>18181,</strong></span> <span class='ocrx_word' id='word_1_372' title='bbox 217 3364 327 3440; x_wconf 85' lang='lat' dir='ltr'><strong>quarn</strong></span> <span class='ocrx_word' id='word_1_373' title='bbox 346 3341 501 3432; x_wconf 87' lang='lat' dir='ltr'><strong>probent</strong></span> <span class='ocrx_word' id='word_1_374' title='bbox 517 3343 587 3412; x_wconf 89' lang='lat' dir='ltr'><strong>viri</strong></span> <span class='ocrx_word' id='word_1_375' title='bbox 601 3363 743 3432; x_wconf 88' lang='lat' dir='ltr'><strong>graves,</strong></span> <span class='ocrx_word' id='word_1_376' title='bbox 771 3343 977 3433; x_wconf 89' lang='lat' dir='ltr'><strong>praesertim</strong></span> <span class='ocrx_word' id='word_1_377' title='bbox 992 3369 1072 3416; x_wconf 89' lang='lat' dir='ltr'><strong>cum</strong></span> <span class='ocrx_word' id='word_1_378' title='bbox 1124 3368 1223 3430; x_wconf 83' lang='lat' dir='ltr'><strong>mus,</strong></span> <span class='ocrx_word' id='word_1_379' title='bbox 1249 3368 1328 3416; x_wconf 87' lang='lat' dir='ltr'><strong>nea</strong></span> <span class='ocrx_word' id='word_1_380' title='bbox 1346 3345 1492 3416; x_wconf 82' lang='lat' dir='ltr'><strong>custode</strong></span> <span class='ocrx_word' id='word_1_381' title='bbox 1510 3343 1586 3416; x_wconf 90' lang='lat' dir='ltr'><strong>Deo</strong></span> <span class='ocrx_word' id='word_1_382' title='bbox 1604 3345 1820 3416; x_wconf 87' lang='lat' dir='ltr'><strong>deseramur.</strong></span> <span class='ocrx_word' id='word_1_383' title='bbox 1874 3339 1953 3436; x_wconf 83' lang='lat' dir='ltr'><strong>lpse</strong></span> <span class='ocrx_word' id='word_1_384' title='bbox 1968 3353 2116 3414; x_wconf 81' lang='lat' dir='ltr'><strong>testatus</strong></span> 
     </span>
     <span class='ocr_line' id='line_1_31' title="bbox 73 3435 2117 3543; baseline -0.003 -25"><span class='ocrx_word' id='word_1_385' title='bbox 73 3445 230 3543; x_wconf 91' lang='lat' dir='ltr'><strong>plurimi</strong></span> <span class='ocrx_word' id='word_1_386' title='bbox 253 3435 410 3514; x_wconf 76' lang='lat' dir='ltr'><strong>vestrrim</strong></span> <span class='ocrx_word' id='word_1_387' title='bbox 434 3443 567 3534; x_wconf 87' lang='lat' dir='ltr'><strong>sciant,</strong></span> <span class='ocrx_word' id='word_1_388' title='bbox 608 3439 701 3514; x_wconf 90' lang='lat' dir='ltr'><strong>hanc</strong></span> <span class='ocrx_word' id='word_1_389' title='bbox 724 3461 961 3517; x_wconf 86' lang='lat' dir='ltr'><strong>monstrosam</strong></span> <span class='ocrx_word' id='word_1_390' title='bbox 984 3447 1073 3538; x_wconf 87' lang='lat' dir='ltr'><strong>figu-</strong></span> <span class='ocrx_word' id='word_1_391' title='bbox 1126 3461 1199 3532; x_wconf 89' lang='lat' dir='ltr'><strong>est,</strong></span> <span class='ocrx_word' id='word_1_392' title='bbox 1224 3447 1291 3518; x_wconf 90' lang='grc'><strong>1181</strong></span> <span class='ocrx_word' id='word_1_393' title='bbox 1311 3449 1432 3520; x_wconf 84' lang='grc'><strong>8118888</strong></span> <span class='ocrx_word' id='word_1_394' title='bbox 1452 3446 1555 3532; x_wconf 81' lang='lat' dir='ltr'><strong>velit,</strong></span> <span class='ocrx_word' id='word_1_395' title='bbox 1580 3471 1662 3520; x_wconf 80' lang='lat' dir='ltr'><strong>curn</strong></span> <span class='ocrx_word' id='word_1_396' title='bbox 1688 3447 1754 3521; x_wconf 89' lang='lat' dir='ltr'><strong>ait:</strong></span> <span class='ocrx_word' id='word_1_397' title='bbox 1807 3442 2022 3539; x_wconf 90' lang='lat' dir='ltr'><strong>Ubicunque</strong></span> <span class='ocrx_word' id='word_1_398' title='bbox 2044 3445 2117 3513; x_wconf 92' lang='lat' dir='ltr'><strong>duo</strong></span> 
     </span>
     <span class='ocr_line' id='line_1_32' title="bbox 73 3543 2116 3642; baseline -0.002 -21"><span class='ocrx_word' id='word_1_399' title='bbox 73 3575 152 3622; x_wconf 88' lang='lat' dir='ltr'><strong>ram</strong></span> <span class='ocrx_word' id='word_1_400' title='bbox 177 3547 391 3642; x_wconf 88' lang='lat' dir='ltr'><strong>parentibus</strong></span> <span class='ocrx_word' id='word_1_401' title='bbox 409 3546 608 3640; x_wconf 88' lang='lat' dir='ltr'><strong>displicere.</strong></span> <span class='ocrx_word' id='word_1_402' title='bbox 657 3543 723 3618; x_wconf 88' lang='lat' dir='ltr'><strong>Est</strong></span> <span class='ocrx_word' id='word_1_403' title='bbox 743 3559 861 3618; x_wconf 89' lang='lat' dir='ltr'><strong>autem</strong></span> <span class='ocrx_word' id='word_1_404' title='bbox 883 3545 1072 3622; x_wconf 90' lang='lat' dir='ltr'><strong>inhumani</strong></span> <span class='ocrx_word' id='word_1_405' title='bbox 1125 3565 1187 3626; x_wconf 89' lang='lat' dir='ltr'><strong>aut</strong></span> <span class='ocrx_word' id='word_1_406' title='bbox 1200 3563 1271 3622; x_wconf 88' lang='lat' dir='ltr'><strong>tres</strong></span> <span class='ocrx_word' id='word_1_407' title='bbox 1287 3549 1488 3642; x_wconf 86' lang='lat' dir='ltr'><strong>congregati</strong></span> <span class='ocrx_word' id='word_1_408' title='bbox 1507 3563 1592 3620; x_wconf 88' lang='lat' dir='ltr'><strong>sunt</strong></span> <span class='ocrx_word' id='word_1_409' title='bbox 1606 3550 1645 3618; x_wconf 94' lang='lat' dir='ltr'><strong>in</strong></span> <span class='ocrx_word' id='word_1_410' title='bbox 1662 3548 1811 3620; x_wconf 88' lang='lat' dir='ltr'><strong>nomine</strong></span> <span class='ocrx_word' id='word_1_411' title='bbox 1825 3571 1919 3632; x_wconf 89' lang='lat' dir='ltr'><strong>meo,</strong></span> <span class='ocrx_word' id='word_1_412' title='bbox 1942 3548 1981 3618; x_wconf 91' lang='lat' dir='ltr'><strong>in</strong></span> <span class='ocrx_word' id='word_1_413' title='bbox 1997 3545 2116 3617; x_wconf 88' lang='lat' dir='ltr'><strong>medio</strong></span> 
     </span>
     <span class='ocr_line' id='line_1_33' title="bbox 72 3643 2119 3743; baseline -0.002 -19"><span class='ocrx_word' id='word_1_414' title='bbox 72 3653 189 3725; x_wconf 89' lang='lat' dir='ltr'><strong>animi</strong></span> <span class='ocrx_word' id='word_1_415' title='bbox 234 3673 311 3720; x_wconf 90' lang='lat' dir='ltr'><strong>non</strong></span> <span class='ocrx_word' id='word_1_416' title='bbox 349 3649 465 3720; x_wconf 89' lang='lat' dir='ltr'><strong>vereri</strong></span> <span class='ocrx_word' id='word_1_417' title='bbox 505 3661 695 3743; x_wconf 90' lang='lat' dir='ltr'><strong>parentum</strong></span> <span class='ocrx_word' id='word_1_418' title='bbox 729 3649 876 3721; x_wconf 89' lang='lat' dir='ltr'><strong>iudicia.</strong></span> <span class='ocrx_word' id='word_1_419' title='bbox 932 3649 1074 3724; x_wconf 87' lang='lat' dir='ltr'><strong>Deinde</strong></span> <span class='ocrx_word' id='word_1_420' title='bbox 1124 3675 1355 3726; x_wconf 82' lang='lat' dir='ltr'><strong>eorumsum.</strong></span> <span class='ocrx_word' id='word_1_421' title='bbox 1386 3651 1659 3724; x_wconf 86' lang='lat' dir='ltr'><strong>Meminerimus</strong></span> <span class='ocrx_word' id='word_1_422' title='bbox 1673 3665 1708 3724; x_wconf 91' lang='lat' dir='ltr'><strong>et</strong></span> <span class='ocrx_word' id='word_1_423' title='bbox 1723 3673 1789 3722; x_wconf 87' lang='lat' dir='ltr'><strong>nos</strong></span> <span class='ocrx_word' id='word_1_424' title='bbox 1803 3651 1842 3720; x_wconf 92' lang='lat' dir='ltr'><strong>iu</strong></span> <span class='ocrx_word' id='word_1_425' title='bbox 1857 3643 2119 3720; x_wconf 88' lang='lat' dir='ltr'><strong>nomineChri-</strong></span> 
     </span>
     <span class='ocr_line' id='line_1_34' title="bbox 70 3747 2118 3849; baseline -0.003 -21"><span class='ocrx_word' id='word_1_426' title='bbox 70 3755 237 3849; x_wconf 86' lang='lat' dir='ltr'><strong>exempla</strong></span> <span class='ocrx_word' id='word_1_427' title='bbox 258 3751 378 3845; x_wconf 89' lang='lat' dir='ltr'><strong>inepta</strong></span> <span class='ocrx_word' id='word_1_428' title='bbox 394 3767 525 3824; x_wconf 91' lang='lat' dir='ltr'><strong>nocent</strong></span> <span class='ocrx_word' id='word_1_429' title='bbox 540 3749 620 3822; x_wconf 88' lang='lat' dir='ltr'><strong>aliis</strong></span> <span class='ocrx_word' id='word_1_430' title='bbox 634 3751 939 3842; x_wconf 85' lang='lat' dir='ltr'><strong>adolescentibus,</strong></span> <span class='ocrx_word' id='word_1_431' title='bbox 965 3769 1001 3826; x_wconf 89' lang='lat' dir='ltr'><strong>ct</strong></span> <span class='ocrx_word' id='word_1_432' title='bbox 1020 3757 1074 3825; x_wconf 86' lang='lat' dir='ltr'><strong>oi·</strong></span> <span class='ocrx_word' id='word_1_433' title='bbox 1122 3757 1171 3828; x_wconf 85' lang='grc'><strong>811</strong></span> <span class='ocrx_word' id='word_1_434' title='bbox 1189 3769 1419 3848; x_wconf 87' lang='lat' dir='ltr'><strong>congregatos</strong></span> <span class='ocrx_word' id='word_1_435' title='bbox 1442 3775 1535 3838; x_wconf 82' lang='lat' dir='ltr'><strong>esse,</strong></span> <span class='ocrx_word' id='word_1_436' title='bbox 1563 3749 1631 3826; x_wconf 91' lang='lat' dir='ltr'><strong>hoc</strong></span> <span class='ocrx_word' id='word_1_437' title='bbox 1654 3767 1726 3838; x_wconf 88' lang='lat' dir='ltr'><strong>est,</strong></span> <span class='ocrx_word' id='word_1_438' title='bbox 1752 3766 1788 3826; x_wconf 89' lang='lat' dir='ltr'><strong>et</strong></span> <span class='ocrx_word' id='word_1_439' title='bbox 1802 3753 1947 3829; x_wconf 86' lang='lat' dir='ltr'><strong>iuvante</strong></span> <span class='ocrx_word' id='word_1_440' title='bbox 1961 3747 2118 3836; x_wconf 89' lang='lat' dir='ltr'><strong>Christo,</strong></span> 
     </span>
     <span class='ocr_line' id='line_1_35' title="bbox 70 3849 2118 3949; baseline -0.002 -19"><span class='ocrx_word' id='word_1_441' title='bbox 70 3861 234 3932; x_wconf 77' lang='lat' dir='ltr'><strong>tendunt</strong></span> <span class='ocrx_word' id='word_1_442' title='bbox 256 3849 425 3948; x_wconf 85' lang='lat' dir='ltr'><strong>hospites.</strong></span> <span class='ocrx_word' id='word_1_443' title='bbox 478 3851 705 3926; x_wconf 86' lang='lat' dir='ltr'><strong>Christianos</strong></span> <span class='ocrx_word' id='word_1_444' title='bbox 727 3868 845 3926; x_wconf 87' lang='lat' dir='ltr'><strong>autem</strong></span> <span class='ocrx_word' id='word_1_445' title='bbox 868 3857 1071 3928; x_wconf 84' lang='lat' dir='ltr'><strong>caverede-</strong></span> <span class='ocrx_word' id='word_1_446' title='bbox 1125 3871 1160 3930; x_wconf 90' lang='lat' dir='ltr'><strong>ot</strong></span> <span class='ocrx_word' id='word_1_447' title='bbox 1176 3861 1219 3928; x_wconf 90' lang='lat' dir='ltr'><strong>ad</strong></span> <span class='ocrx_word' id='word_1_448' title='bbox 1240 3859 1520 3930; x_wconf 88' lang='lat' dir='ltr'><strong>conservandam</strong></span> <span class='ocrx_word' id='word_1_449' title='bbox 1536 3857 1647 3949; x_wconf 88' lang='lat' dir='ltr'><strong>ipsius</strong></span> <span class='ocrx_word' id='word_1_450' title='bbox 1666 3856 1876 3929; x_wconf 86' lang='lat' dir='ltr'><strong>doctrinam.</strong></span> <span class='ocrx_word' id='word_1_451' title='bbox 1910 3853 2016 3931; x_wconf 80' lang='lat' dir='ltr'><strong>Sisic</strong></span> <span class='ocrx_word' id='word_1_452' title='bbox 2035 3875 2118 3925; x_wconf 85' lang='grc'><strong>8811-</strong></span> 
     </span>
     <span class='ocr_line' id='line_1_36' title="bbox 71 3953 2119 4050; baseline -0.003 -18"><span class='ocrx_word' id='word_1_453' title='bbox 71 3979 149 4049; x_wconf 86' lang='grc'><strong>881,</strong></span> <span class='ocrx_word' id='word_1_454' title='bbox 186 3985 235 4032; x_wconf 87' lang='grc'><strong>88</strong></span> <span class='ocrx_word' id='word_1_455' title='bbox 262 3957 335 4028; x_wconf 89' lang='grc'><strong>8181</strong></span> <span class='ocrx_word' id='word_1_456' title='bbox 356 3957 523 4028; x_wconf 87' lang='lat' dir='ltr'><strong>scandalo</strong></span> <span class='ocrx_word' id='word_1_457' title='bbox 547 3957 637 4030; x_wconf 89' lang='lat' dir='ltr'><strong>aliis.</strong></span> <span class='ocrx_word' id='word_1_458' title='bbox 696 3953 794 4027; x_wconf 88' lang='lat' dir='ltr'><strong>Haec</strong></span> <span class='ocrx_word' id='word_1_459' title='bbox 815 3957 853 4027; x_wconf 91' lang='lat' dir='ltr'><strong>in</strong></span> <span class='ocrx_word' id='word_1_460' title='bbox 876 3961 1073 4050; x_wconf 88' lang='lat' dir='ltr'><strong>praesentia</strong></span> <span class='ocrx_word' id='word_1_461' title='bbox 1126 3961 1273 4044; x_wconf 78' lang='lat' dir='ltr'><strong>tiamne,</strong></span> <span class='ocrx_word' id='word_1_462' title='bbox 1306 3975 1341 4032; x_wconf 93' lang='lat' dir='ltr'><strong>et</strong></span> <span class='ocrx_word' id='word_1_463' title='bbox 1372 3961 1587 4032; x_wconf 92' lang='lat' dir='ltr'><strong>mediocrem</strong></span> <span class='ocrx_word' id='word_1_464' title='bbox 1611 3959 1650 4028; x_wconf 92' lang='lat' dir='ltr'><strong>in</strong></span> <span class='ocrx_word' id='word_1_465' title='bbox 1673 3959 1800 4032; x_wconf 88' lang='grc'><strong>81811118</strong></span> <span class='ocrx_word' id='word_1_466' title='bbox 1827 3957 2049 4050; x_wconf 77' lang='lat' dir='ltr'><strong>diligentiam</strong></span> <span class='ocrx_word' id='word_1_467' title='bbox 2084 3968 2119 4026; x_wconf 92' lang='lat' dir='ltr'><strong>et</strong></span> 
     </span>
     <span class='ocr_line' id='line_1_37' title="bbox 67 4055 2118 4156; baseline -0.005 -18"><span class='ocrx_word' id='word_1_468' title='bbox 67 4066 237 4138; x_wconf 89' lang='lat' dir='ltr'><strong>breviter</strong></span> <span class='ocrx_word' id='word_1_469' title='bbox 257 4060 362 4130; x_wconf 88' lang='lat' dir='ltr'><strong>vobis</strong></span> <span class='ocrx_word' id='word_1_470' title='bbox 379 4061 588 4152; x_wconf 81' lang='lat' dir='ltr'><strong>exponenda</strong></span> <span class='ocrx_word' id='word_1_471' title='bbox 603 4081 677 4130; x_wconf 87' lang='lat' dir='ltr'><strong>esse</strong></span> <span class='ocrx_word' id='word_1_472' title='bbox 695 4059 792 4135; x_wconf 83' lang='lat' dir='ltr'><strong>duxi.</strong></span> <span class='ocrx_word' id='word_1_473' title='bbox 830 4059 973 4156; x_wconf 88' lang='lat' dir='ltr'><strong>Vosque</strong></span> <span class='ocrx_word' id='word_1_474' title='bbox 987 4087 1073 4153; x_wconf 88' lang='lat' dir='ltr'><strong>rogo</strong></span> <span class='ocrx_word' id='word_1_475' title='bbox 1125 4063 1335 4134; x_wconf 82' lang='lat' dir='ltr'><strong>modestiam</strong></span> <span class='ocrx_word' id='word_1_476' title='bbox 1355 4064 1396 4134; x_wconf 89' lang='grc'><strong>18</strong></span> <span class='ocrx_word' id='word_1_477' title='bbox 1413 4060 1865 4154; x_wconf 82' lang='grc'><strong>1881188881888188181111,</strong></span> <span class='ocrx_word' id='word_1_478' title='bbox 1892 4055 1989 4132; x_wconf 88' lang='grc'><strong>88811</strong></span> <span class='ocrx_word' id='word_1_479' title='bbox 2009 4059 2118 4130; x_wconf 90' lang='lat' dir='ltr'><strong>dubie</strong></span> 
     </span>
     <span class='ocr_line' id='line_1_38' title="bbox 65 4158 2117 4254; baseline -0.004 -14"><span class='ocrx_word' id='word_1_480' title='bbox 65 4182 101 4241; x_wconf 89' lang='grc'><strong>81</strong></span> <span class='ocrx_word' id='word_1_481' title='bbox 119 4169 311 4248; x_wconf 87' lang='lat' dir='ltr'><strong>obtestor,</strong></span> <span class='ocrx_word' id='word_1_482' title='bbox 332 4175 375 4234; x_wconf 90' lang='lat' dir='ltr'><strong>ut</strong></span> <span class='ocrx_word' id='word_1_483' title='bbox 388 4163 465 4234; x_wconf 86' lang='lat' dir='ltr'><strong>sitis</strong></span> <span class='ocrx_word' id='word_1_484' title='bbox 480 4161 631 4234; x_wconf 87' lang='lat' dir='ltr'><strong>modesti</strong></span> <span class='ocrx_word' id='word_1_485' title='bbox 650 4177 796 4254; x_wconf 88' lang='lat' dir='ltr'><strong>propter</strong></span> <span class='ocrx_word' id='word_1_486' title='bbox 817 4165 967 4254; x_wconf 86' lang='lat' dir='ltr'><strong>gloriam</strong></span> <span class='ocrx_word' id='word_1_487' title='bbox 992 4163 1071 4248; x_wconf 86' lang='lat' dir='ltr'><strong>Dei,</strong></span> <span class='ocrx_word' id='word_1_488' title='bbox 1127 4161 1187 4238; x_wconf 88' lang='lat' dir='ltr'><strong>hic</strong></span> <span class='ocrx_word' id='word_1_489' title='bbox 1203 4179 1322 4238; x_wconf 87' lang='lat' dir='ltr'><strong>custos</strong></span> <span class='ocrx_word' id='word_1_490' title='bbox 1335 4166 1441 4236; x_wconf 87' lang='grc'><strong>88818</strong></span> <span class='ocrx_word' id='word_1_491' title='bbox 1457 4163 1584 4238; x_wconf 90' lang='lat' dir='ltr'><strong>aderit.</strong></span> <span class='ocrx_word' id='word_1_492' title='bbox 1635 4159 1694 4236; x_wconf 89' lang='lat' dir='ltr'><strong>Ad</strong></span> <span class='ocrx_word' id='word_1_493' title='bbox 1719 4158 1817 4236; x_wconf 90' lang='lat' dir='ltr'><strong>hunc</strong></span> <span class='ocrx_word' id='word_1_494' title='bbox 1841 4163 1947 4232; x_wconf 84' lang='lat' dir='ltr'><strong>finem</strong></span> <span class='ocrx_word' id='word_1_495' title='bbox 1970 4163 2016 4234; x_wconf 87' lang='lat' dir='ltr'><strong>de</strong></span> <span class='ocrx_word' id='word_1_496' title='bbox 2039 4173 2117 4234; x_wconf 89' lang='lat' dir='ltr'><strong>stu-</strong></span> 
     </span>
     <span class='ocr_line' id='line_1_39' title="bbox 65 4264 2118 4366; baseline -0.004 -23"><span class='ocrx_word' id='word_1_497' title='bbox 65 4274 130 4366; x_wconf 90' lang='lat' dir='ltr'><strong>qui</strong></span> <span class='ocrx_word' id='word_1_498' title='bbox 147 4264 295 4342; x_wconf 86' lang='lat' dir='ltr'><strong>favebit</strong></span> <span class='ocrx_word' id='word_1_499' title='bbox 311 4265 439 4336; x_wconf 86' lang='lat' dir='ltr'><strong>studiis</strong></span> <span class='ocrx_word' id='word_1_500' title='bbox 463 4279 497 4338; x_wconf 87' lang='lat' dir='ltr'><strong>et</strong></span> <span class='ocrx_word' id='word_1_501' title='bbox 514 4265 716 4338; x_wconf 89' lang='lat' dir='ltr'><strong>actionibus</strong></span> <span class='ocrx_word' id='word_1_502' title='bbox 730 4267 877 4352; x_wconf 86' lang='lat' dir='ltr'><strong>vestris,</strong></span> <span class='ocrx_word' id='word_1_503' title='bbox 901 4268 931 4337; x_wconf 86' lang='lat' dir='ltr'><strong>si</strong></span> <span class='ocrx_word' id='word_1_504' title='bbox 956 4269 1071 4360; x_wconf 88' lang='lat' dir='ltr'><strong>ipsum</strong></span> <span class='ocrx_word' id='word_1_505' title='bbox 1125 4269 1195 4340; x_wconf 89' lang='lat' dir='ltr'><strong>diis</strong></span> <span class='ocrx_word' id='word_1_506' title='bbox 1212 4282 1246 4340; x_wconf 91' lang='lat' dir='ltr'><strong>et</strong></span> <span class='ocrx_word' id='word_1_507' title='bbox 1261 4269 1423 4340; x_wconf 87' lang='lat' dir='ltr'><strong>moribus</strong></span> <span class='ocrx_word' id='word_1_508' title='bbox 1437 4279 1689 4359; x_wconf 88' lang='lat' dir='ltr'><strong>proponuntur</strong></span> <span class='ocrx_word' id='word_1_509' title='bbox 1702 4266 1804 4338; x_wconf 88' lang='lat' dir='ltr'><strong>vobis</strong></span> <span class='ocrx_word' id='word_1_510' title='bbox 1819 4265 1925 4356; x_wconf 88' lang='lat' dir='ltr'><strong>leges,</strong></span> <span class='ocrx_word' id='word_1_511' title='bbox 1951 4279 1984 4336; x_wconf 92' lang='lat' dir='ltr'><strong>et</strong></span> <span class='ocrx_word' id='word_1_512' title='bbox 2001 4287 2118 4358; x_wconf 85' lang='lat' dir='ltr'><strong>quan-</strong></span> 
     </span>
     <span class='ocr_line' id='line_1_40' title="bbox 66 4365 2119 4462; baseline -0.004 -16"><span class='ocrx_word' id='word_1_513' title='bbox 66 4372 274 4454; x_wconf 87' lang='lat' dir='ltr'><strong>timebitis,</strong></span> <span class='ocrx_word' id='word_1_514' title='bbox 295 4367 387 4438; x_wconf 90' lang='lat' dir='ltr'><strong>sicut</strong></span> <span class='ocrx_word' id='word_1_515' title='bbox 402 4367 574 4460; x_wconf 83' lang='lat' dir='ltr'><strong>scripturn</strong></span> <span class='ocrx_word' id='word_1_516' title='bbox 592 4381 660 4438; x_wconf 86' lang='lat' dir='ltr'><strong>est:</strong></span> <span class='ocrx_word' id='word_1_517' title='bbox 688 4365 819 4438; x_wconf 87' lang='lat' dir='ltr'><strong>Timor</strong></span> <span class='ocrx_word' id='word_1_518' title='bbox 832 4365 981 4440; x_wconf 88' lang='lat' dir='ltr'><strong>Domini</strong></span> <span class='ocrx_word' id='word_1_519' title='bbox 1001 4371 1073 4442; x_wconf 88' lang='lat' dir='ltr'><strong>ini·</strong></span> <span class='ocrx_word' id='word_1_520' title='bbox 1125 4385 1202 4444; x_wconf 87' lang='lat' dir='ltr'><strong>tum</strong></span> <span class='ocrx_word' id='word_1_521' title='bbox 1220 4393 1408 4462; x_wconf 81' lang='lat' dir='ltr'><strong>possumus</strong></span> <span class='ocrx_word' id='word_1_522' title='bbox 1423 4371 1514 4441; x_wconf 90' lang='lat' dir='ltr'><strong>tueri</strong></span> <span class='ocrx_word' id='word_1_523' title='bbox 1529 4369 1755 4460; x_wconf 86' lang='lat' dir='ltr'><strong>disciplinam</strong></span> <span class='ocrx_word' id='word_1_524' title='bbox 1770 4370 1971 4452; x_wconf 85' lang='lat' dir='ltr'><strong>studemus,</strong></span> <span class='ocrx_word' id='word_1_525' title='bbox 1997 4375 2119 4438; x_wconf 86' lang='grc'><strong>81811-</strong></span> 
     </span>
     <span class='ocr_line' id='line_1_41' title="bbox 65 4467 2116 4568; baseline -0.004 -20"><span class='ocrx_word' id='word_1_526' title='bbox 65 4481 160 4550; x_wconf 90' lang='grc'><strong>11818</strong></span> <span class='ocrx_word' id='word_1_527' title='bbox 177 4469 389 4568; x_wconf 87' lang='grc'><strong>8881881188.</strong></span> <span class='ocrx_word' id='word_1_528' title='bbox 442 4469 624 4553; x_wconf 77' lang='lat' dir='ltr'><strong>Dumium</strong></span> <span class='ocrx_word' id='word_1_529' title='bbox 648 4481 769 4540; x_wconf 88' lang='lat' dir='ltr'><strong>noster</strong></span> <span class='ocrx_word' id='word_1_530' title='bbox 791 4471 888 4542; x_wconf 89' lang='lat' dir='ltr'><strong>lesus</strong></span> <span class='ocrx_word' id='word_1_531' title='bbox 908 4469 1073 4546; x_wconf 86' lang='lat' dir='ltr'><strong>Christus</strong></span> <span class='ocrx_word' id='word_1_532' title='bbox 1122 4474 1170 4544; x_wconf 88' lang='grc'><strong>811</strong></span> <span class='ocrx_word' id='word_1_533' title='bbox 1185 4473 1294 4546; x_wconf 88' lang='grc'><strong>88818</strong></span> <span class='ocrx_word' id='word_1_534' title='bbox 1309 4469 1425 4558; x_wconf 83' lang='lat' dir='ltr'><strong>Deus,</strong></span> <span class='ocrx_word' id='word_1_535' title='bbox 1451 4485 1484 4543; x_wconf 92' lang='lat' dir='ltr'><strong>et</strong></span> <span class='ocrx_word' id='word_1_536' title='bbox 1510 4467 1602 4541; x_wconf 88' lang='lat' dir='ltr'><strong>hanc</strong></span> <span class='ocrx_word' id='word_1_537' title='bbox 1620 4467 1779 4540; x_wconf 87' lang='lat' dir='ltr'><strong>scholam</strong></span> <span class='ocrx_word' id='word_1_538' title='bbox 1805 4485 1938 4553; x_wconf 86' lang='lat' dir='ltr'><strong>servet,</strong></span> <span class='ocrx_word' id='word_1_539' title='bbox 1962 4483 2003 4542; x_wconf 92' lang='lat' dir='ltr'><strong>ut</strong></span> <span class='ocrx_word' id='word_1_540' title='bbox 2020 4469 2116 4538; x_wconf 85' lang='lat' dir='ltr'><strong>mul-</strong></span> 
     </span>
     <span class='ocr_line' id='line_1_42' title="bbox 65 4569 2116 4674; baseline -0.006 -20"><span class='ocrx_word' id='word_1_541' title='bbox 65 4583 250 4674; x_wconf 88' lang='lat' dir='ltr'><strong>gubernet</strong></span> <span class='ocrx_word' id='word_1_542' title='bbox 268 4595 386 4644; x_wconf 87' lang='lat' dir='ltr'><strong>mores</strong></span> <span class='ocrx_word' id='word_1_543' title='bbox 401 4583 435 4642; x_wconf 92' lang='lat' dir='ltr'><strong>et</strong></span> <span class='ocrx_word' id='word_1_544' title='bbox 450 4569 566 4644; x_wconf 86' lang='lat' dir='ltr'><strong>studia</strong></span> <span class='ocrx_word' id='word_1_545' title='bbox 582 4585 696 4644; x_wconf 87' lang='lat' dir='ltr'><strong>vestra</strong></span> <span class='ocrx_word' id='word_1_546' title='bbox 714 4571 758 4642; x_wconf 90' lang='lat' dir='ltr'><strong>ad</strong></span> <span class='ocrx_word' id='word_1_547' title='bbox 773 4571 923 4662; x_wconf 85' lang='lat' dir='ltr'><strong>gloriam</strong></span> <span class='ocrx_word' id='word_1_548' title='bbox 939 4573 1008 4647; x_wconf 89' lang='lat' dir='ltr'><strong>Dei</strong></span> <span class='ocrx_word' id='word_1_549' title='bbox 1025 4577 1071 4646; x_wconf 88' lang='lat' dir='ltr'><strong>il·</strong></span> <span class='ocrx_word' id='word_1_550' title='bbox 1126 4591 1180 4648; x_wconf 80' lang='lat' dir='ltr'><strong>tae</strong></span> <span class='ocrx_word' id='word_1_551' title='bbox 1197 4571 1375 4648; x_wconf 82' lang='lat' dir='ltr'><strong>Ecclesiae</strong></span> <span class='ocrx_word' id='word_1_552' title='bbox 1390 4590 1423 4648; x_wconf 89' lang='lat' dir='ltr'><strong>et</strong></span> <span class='ocrx_word' id='word_1_553' title='bbox 1439 4571 1601 4665; x_wconf 88' lang='grc'><strong>1188888.</strong></span> <span class='ocrx_word' id='word_1_554' title='bbox 1622 4569 1777 4644; x_wconf 87' lang='grc'><strong>8888881</strong></span> <span class='ocrx_word' id='word_1_555' title='bbox 1793 4572 1982 4644; x_wconf 87' lang='grc'><strong>8818188118</strong></span> <span class='ocrx_word' id='word_1_556' title='bbox 2000 4572 2116 4646; x_wconf 88' lang='lat' dir='ltr'><strong>bonae</strong></span> 
     </span>
     <span class='ocr_line' id='line_1_43' title="bbox 67 4669 2117 4770; baseline -0.005 -16"><span class='ocrx_word' id='word_1_557' title='bbox 67 4681 321 4760; x_wconf 86' lang='lat' dir='ltr'><strong>lustrandam,</strong></span> <span class='ocrx_word' id='word_1_558' title='bbox 346 4688 382 4747; x_wconf 92' lang='lat' dir='ltr'><strong>et</strong></span> <span class='ocrx_word' id='word_1_559' title='bbox 397 4676 441 4746; x_wconf 91' lang='lat' dir='ltr'><strong>ad</strong></span> <span class='ocrx_word' id='word_1_560' title='bbox 458 4673 646 4746; x_wconf 90' lang='lat' dir='ltr'><strong>utilitatem</strong></span> <span class='ocrx_word' id='word_1_561' title='bbox 662 4669 863 4762; x_wconf 80' lang='lat' dir='ltr'><strong>Ecclesiae,</strong></span> <span class='ocrx_word' id='word_1_562' title='bbox 887 4693 923 4751; x_wconf 89' lang='lat' dir='ltr'><strong>et</strong></span> <span class='ocrx_word' id='word_1_563' title='bbox 941 4681 985 4748; x_wconf 91' lang='lat' dir='ltr'><strong>ad</strong></span> <span class='ocrx_word' id='word_1_564' title='bbox 1011 4705 1071 4750; x_wconf 82' lang='lat' dir='ltr'><strong>ve·</strong></span> <span class='ocrx_word' id='word_1_565' title='bbox 1125 4693 1161 4750; x_wconf 87' lang='grc'><strong>81</strong></span> <span class='ocrx_word' id='word_1_566' title='bbox 1178 4679 1341 4750; x_wconf 87' lang='lat' dir='ltr'><strong>salutaris</strong></span> <span class='ocrx_word' id='word_1_567' title='bbox 1366 4678 1561 4750; x_wconf 89' lang='lat' dir='ltr'><strong>doctrinae.</strong></span> <span class='ocrx_word' id='word_1_568' title='bbox 1613 4673 1719 4748; x_wconf 86' lang='lat' dir='ltr'><strong>Scitis</strong></span> <span class='ocrx_word' id='word_1_569' title='bbox 1747 4677 1784 4746; x_wconf 92' lang='grc'><strong>18</strong></span> <span class='ocrx_word' id='word_1_570' title='bbox 1810 4674 1969 4770; x_wconf 89' lang='lat' dir='ltr'><strong>qualibet</strong></span> <span class='ocrx_word' id='word_1_571' title='bbox 1993 4673 2117 4764; x_wconf 91' lang='lat' dir='ltr'><strong>politia</strong></span> 
     </span>
     <span class='ocr_line' id='line_1_44' title="bbox 66 4772 2115 4866; baseline -0.006 -8"><span class='ocrx_word' id='word_1_572' title='bbox 66 4801 181 4860; x_wconf 85' lang='lat' dir='ltr'><strong>stram</strong></span> <span class='ocrx_word' id='word_1_573' title='bbox 203 4780 372 4854; x_wconf 84' lang='lat' dir='ltr'><strong>salutem.</strong></span> <span class='ocrx_word' id='word_1_574' title='bbox 424 4772 521 4850; x_wconf 81' lang='lat' dir='ltr'><strong>Dixi.</strong></span> <span class='ocrx_word' id='word_1_575' title='bbox 1126 4780 1219 4852; x_wconf 83' lang='lat' dir='ltr'><strong>cives</strong></span> <span class='ocrx_word' id='word_1_576' title='bbox 1237 4783 1365 4854; x_wconf 87' lang='lat' dir='ltr'><strong>debere</strong></span> <span class='ocrx_word' id='word_1_577' title='bbox 1380 4777 1621 4854; x_wconf 88' lang='lat' dir='ltr'><strong>obedientiam</strong></span> <span class='ocrx_word' id='word_1_578' title='bbox 1636 4779 1710 4850; x_wconf 87' lang='lat' dir='ltr'><strong>suia</strong></span> <span class='ocrx_word' id='word_1_579' title='bbox 1728 4777 1884 4866; x_wconf 87' lang='lat' dir='ltr'><strong>legibus,</strong></span> <span class='ocrx_word' id='word_1_580' title='bbox 1909 4801 1983 4848; x_wconf 93' lang='lat' dir='ltr'><strong>non</strong></span> <span class='ocrx_word' id='word_1_581' title='bbox 1998 4777 2115 4848; x_wconf 89' lang='lat' dir='ltr'><strong>solum</strong></span> 
     </span>
     <span class='ocr_line' id='line_1_45' title="bbox 1125 4877 2117 4976; baseline -0.004 -22"><span class='ocrx_word' id='word_1_582' title='bbox 1125 4897 1272 4975; x_wconf 88' lang='lat' dir='ltr'><strong>propter</strong></span> <span class='ocrx_word' id='word_1_583' title='bbox 1286 4897 1486 4976; x_wconf 86' lang='lat' dir='ltr'><strong>praesentes</strong></span> <span class='ocrx_word' id='word_1_584' title='bbox 1501 4903 1652 4974; x_wconf 87' lang='grc'><strong>888888,</strong></span> <span class='ocrx_word' id='word_1_585' title='bbox 1675 4881 1756 4963; x_wconf 86' lang='lat' dir='ltr'><strong>sed,</strong></span> <span class='ocrx_word' id='word_1_586' title='bbox 1777 4893 1816 4950; x_wconf 93' lang='lat' dir='ltr'><strong>ut</strong></span> <span class='ocrx_word' id='word_1_587' title='bbox 1832 4877 1966 4951; x_wconf 84' lang='lat' dir='ltr'><strong>Paulus</strong></span> <span class='ocrx_word' id='word_1_588' title='bbox 1984 4879 2117 4974; x_wconf 89' lang='lat' dir='ltr'><strong>inquit,</strong></span> 
     </span>
     <span class='ocr_line' id='line_1_46' title="bbox 893 4981 2117 5079; baseline -0.004 -24"><span class='ocrx_word' id='word_1_589' title='bbox 893 5005 1069 5016; x_wconf 76' lang='grc'><em>·“····“</em></span> <span class='ocrx_word' id='word_1_590' title='bbox 1124 4985 1231 5056; x_wconf 86' lang='grc'><strong>811881</strong></span> <span class='ocrx_word' id='word_1_591' title='bbox 1250 5001 1395 5079; x_wconf 87' lang='grc'><strong>8188181</strong></span> <span class='ocrx_word' id='word_1_592' title='bbox 1409 4982 1675 5058; x_wconf 88' lang='lat' dir='ltr'><strong>conscientiam.</strong></span> <span class='ocrx_word' id='word_1_593' title='bbox 1727 4981 1959 5054; x_wconf 70' lang='lat' dir='ltr'><strong>severissima</strong></span> <span class='ocrx_word' id='word_1_594' title='bbox 1973 4996 2117 5052; x_wconf 87' lang='lat' dir='ltr'><strong>senten·</strong></span> 
     </span>
     <span class='ocr_line' id='line_1_47' title="bbox 1125 5081 2116 5181; baseline -0.006 -23"><span class='ocrx_word' id='word_1_595' title='bbox 1125 5088 1174 5158; x_wconf 91' lang='grc'><strong>118</strong></span> <span class='ocrx_word' id='word_1_596' title='bbox 1200 5101 1263 5161; x_wconf 83' lang='grc'><strong>881.</strong></span> <span class='ocrx_word' id='word_1_597' title='bbox 1314 5087 1406 5160; x_wconf 85' lang='lat' dir='ltr'><strong>Nam</strong></span> <span class='ocrx_word' id='word_1_598' title='bbox 1435 5087 1592 5181; x_wconf 90' lang='lat' dir='ltr'><strong>pollutae</strong></span> <span class='ocrx_word' id='word_1_599' title='bbox 1613 5083 1850 5158; x_wconf 84' lang='lat' dir='ltr'><strong>conscientiae</strong></span> <span class='ocrx_word' id='word_1_600' title='bbox 1869 5081 1967 5156; x_wconf 88' lang='lat' dir='ltr'><strong>Deus</strong></span> <span class='ocrx_word' id='word_1_601' title='bbox 1993 5083 2116 5156; x_wconf 85' lang='lat' dir='ltr'><strong>irasci-</strong></span> 
     </span>
     <span class='ocr_line' id='line_1_48' title="bbox 61 5165 2116 5294; baseline -0.002 -34"><span class='ocrx_word' id='word_1_602' title='bbox 61 5165 248 5294; x_wconf 54' lang='lat' dir='ltr'>ffl</span> <span class='ocrx_word' id='word_1_603' title='bbox 874 5189 922 5234; x_wconf 76' lang='lat'><strong>⁸¹¹·</strong></span> <span class='ocrx_word' id='word_1_604' title='bbox 952 5167 1046 5236; x_wconf 71' lang='lat'><strong>¹⁵4¹·</strong></span> <span class='ocrx_word' id='word_1_605' title='bbox 1124 5203 1194 5264; x_wconf 91' lang='lat' dir='ltr'><strong>tur.</strong></span> <span class='ocrx_word' id='word_1_606' title='bbox 1246 5189 1339 5263; x_wconf 82' lang='lat' dir='ltr'><strong>Cttm</strong></span> <span class='ocrx_word' id='word_1_607' title='bbox 1355 5191 1464 5280; x_wconf 89' lang='lat' dir='ltr'><strong>igitur</strong></span> <span class='ocrx_word' id='word_1_608' title='bbox 1478 5188 1700 5262; x_wconf 87' lang='lat' dir='ltr'><strong>contumacia</strong></span> <span class='ocrx_word' id='word_1_609' title='bbox 1719 5187 1856 5278; x_wconf 90' lang='lat' dir='ltr'><strong>polluat</strong></span> <span class='ocrx_word' id='word_1_610' title='bbox 1872 5186 2116 5266; x_wconf 82' lang='lat' dir='ltr'><strong>conscientias,</strong></span> 
     </span>
     <span class='ocr_line' id='line_1_49' title="bbox 1117 5287 2115 5384; baseline -0.009 -19"><span class='ocrx_word' id='word_1_611' title='bbox 1117 5293 1548 5383; x_wconf 50' lang='lat' dir='ltr'><strong>mitentccontumaces,</strong></span> <span class='ocrx_word' id='word_1_612' title='bbox 1574 5289 1750 5384; x_wconf 89' lang='lat' dir='ltr'><strong>quamsit</strong></span> <span class='ocrx_word' id='word_1_613' title='bbox 1773 5289 1962 5372; x_wconf 86' lang='lat' dir='ltr'><strong>miserum,</strong></span> <span class='ocrx_word' id='word_1_614' title='bbox 1995 5287 2115 5358; x_wconf 83' lang='lat' dir='ltr'><strong>vivere</strong></span> 
     </span>
     <span class='ocr_line' id='line_1_50' title="bbox 133 5373 2114 5486; baseline 0.014 -56"><span class='ocrx_word' id='word_1_615' title='bbox 133 5393 169 5446; x_wconf 71' lang='grc' dir='ltr'><strong>ι,</strong></span> <span class='ocrx_word' id='word_1_616' title='bbox 184 5375 356 5454; x_wconf 62' lang='lat' dir='ltr'><strong>Quados.</strong></span> <span class='ocrx_word' id='word_1_617' title='bbox 370 5375 445 5450; x_wconf 75' lang='lat' dir='ltr'><strong>spot</strong></span> <span class='ocrx_word' id='word_1_618' title='bbox 462 5375 543 5442; x_wconf 69' lang='grc'><strong>1118,</strong></span> <span class='ocrx_word' id='word_1_619' title='bbox 555 5394 582 5450; x_wconf 73' lang='lat' dir='ltr'><strong>p.</strong></span> <span class='ocrx_word' id='word_1_620' title='bbox 598 5373 683 5436; x_wconf 69' lang='lat'><strong>171⁶.</strong></span> <span class='ocrx_word' id='word_1_621' title='bbox 698 5395 759 5452; x_wconf 75' lang='lat' dir='ltr'><strong>sqq·</strong></span> <span class='ocrx_word' id='word_1_622' title='bbox 1125 5395 1162 5464; x_wconf 91' lang='lat' dir='ltr'><strong>in</strong></span> <span class='ocrx_word' id='word_1_623' title='bbox 1179 5395 1265 5468; x_wconf 93' lang='lat' dir='ltr'><strong>odio</strong></span> <span class='ocrx_word' id='word_1_624' title='bbox 1281 5392 1371 5481; x_wconf 84' lang='lat' dir='ltr'><strong>Dei,</strong></span> <span class='ocrx_word' id='word_1_625' title='bbox 1398 5417 1463 5466; x_wconf 87' lang='lat' dir='ltr'><strong>nec</strong></span> <span class='ocrx_word' id='word_1_626' title='bbox 1480 5393 1616 5486; x_wconf 88' lang='lat' dir='ltr'><strong>protegi</strong></span> <span class='ocrx_word' id='word_1_627' title='bbox 1639 5415 1705 5462; x_wconf 90' lang='lat' dir='ltr'><strong>nec</strong></span> <span class='ocrx_word' id='word_1_628' title='bbox 1729 5389 1804 5481; x_wconf 88' lang='lat' dir='ltr'><strong>regi</strong></span> <span class='ocrx_word' id='word_1_629' title='bbox 1820 5389 2008 5462; x_wconf 86' lang='lat' dir='ltr'><strong>divinitus.</strong></span> <span class='ocrx_word' id='word_1_630' title='bbox 2060 5388 2114 5460; x_wconf 89' lang='lat' dir='ltr'><strong>lta</strong></span> 
     </span>
     <span class='ocr_line' id='line_1_51' title="bbox 1126 5488 2118 5579; baseline -0.008 -9"><span class='ocrx_word' id='word_1_631' title='bbox 1126 5497 1290 5572; x_wconf 89' lang='lat' dir='ltr'><strong>collocati</strong></span> <span class='ocrx_word' id='word_1_632' title='bbox 1313 5519 1437 5572; x_wconf 84' lang='lat' dir='ltr'><strong>sumus</strong></span> <span class='ocrx_word' id='word_1_633' title='bbox 1459 5493 1623 5568; x_wconf 88' lang='lat' dir='ltr'><strong>homiues</strong></span> <span class='ocrx_word' id='word_1_634' title='bbox 1647 5495 1684 5564; x_wconf 92' lang='lat' dir='ltr'><strong>in</strong></span> <span class='ocrx_word' id='word_1_635' title='bbox 1705 5488 1801 5564; x_wconf 89' lang='lat' dir='ltr'><strong>hune</strong></span> <span class='ocrx_word' id='word_1_636' title='bbox 1816 5494 2011 5579; x_wconf 88' lang='lat' dir='ltr'><strong>mundum,</strong></span> <span class='ocrx_word' id='word_1_637' title='bbox 2036 5505 2118 5564; x_wconf 92' lang='lat' dir='ltr'><strong>tan·</strong></span> 
     </span>
    </p>
   </div>
   <div class='ocr_carea' id='block_1_5' title="bbox 0 0 2348 6169">
    <p class='ocr_par' dir='ltr' id='par_1_5' title="bbox 0 0 2348 6169">
     <span class='ocr_line' id='line_1_52' title="bbox 0 0 2348 6169; baseline 0 0"><span class='ocrx_word' id='word_1_638' title='bbox 0 0 2348 6169; x_wconf 95' lang='lat' dir='ltr'><strong> </strong></span> 
     </span>
    </p>
   </div>
  </div>
 </body>
</html>
