4552 6178
19 291 86 370 tos
480 245 915 390 annonarum
948 287 1183 373 saunas
1215 230 1574 372 sanctonus
1978 303 2055 380 eso

19 483 60 540 ut
75 465 312 562 probandum.
356 460 539 541 Monstrat
554 479 636 562 apte
653 459 899 555 cohaerentia,
925 467 1004 540 vio·
1056 469 1187 544 talibus
1214 471 1321 557 locis,
1356 469 1425 542 nisi
1457 467 1610 540 multum
1628 491 1674 542 ae
1688 469 1758 544 diu
1780 471 1988 548 exercitatus
2009 477 2050 552 ῖιι

18 583 122 642 enter
141 569 344 690 ‘coniuncta
378 569 529 646 divellit.
591 567 730 642 florum
762 569 853 640 nihil
892 584 1005 662 potest
1053 569 1260 648 Dialectica·

18 695 170 772 quamvis
198 671 402 792 rpgeniosus
432 665 540 744 bomo
564 687 646 766 epte
667 673 782 742 facere
805 671 843 742 in
866 673 1002 744 difficili
1144 674 1242 766 Quid
1261 671 1536 746 Iurisconsultus
1551 673 1830 748 inaltercetione
1845 679 1976 750 forensi
1993 682 2048 754 fa-

18 791 248 848 :ontroverssa
272 797 349 846 srue
377 789 465 846 arte.
521 777 644 871 ltaque
671 772 772 846 Plato
798 776 1002 864 gravissime
1053 775 1141 864 ciet,
1166 777 1324 874 sineque
1341 775 1478 868 partiri,
1503 801 1619 874 neque
1635 778 1794 865 definire,
1820 805 1936 876 neque
1953 784 2045 855 mal,

18 879 114 961 lixit,
139 899 247 948 unam
264 871 358 948 hanc
372 877 523 948 docendi
540 903 580 948 ac
596 877 756 948 discendi
772 877 884 962 viam,
910 903 1001 974 qnae
1052 873 1278 952 cohaerentia
1310 879 1507 950 diiudicare
1540 879 1650 952 sciet?
1698 877 1828 952 Nonne
1864 885 2047 958 videbitur

23 983 253 1058 nDialectics
277 979 450 1066 traditur,
474 977 586 1050 aDiis
610 979 872 1050 immortalibus
887 983 998 1050 dona·
1050 977 1236 1066 Camelus,
1266 995 1306 1052 ut
1329 981 1450 1066 aiunt,
1484 980 1641 1054 saltans?
1678 980 1800 1072 Quare
1824 985 1938 1080 siqui
1962 1011 2045 1080 pes.

18 1117 77 1162 am
95 1111 167 1158 esse
188 1081 307 1176 generi
331 1075 510 1168 humano,
543 1093 689 1174 propter
708 1073 800 1150 hanc
824 1106 997 1152 summam
1050 1083 1173 1154 lectam
1187 1085 1385 1154 doctrinam
1402 1097 1581 1175 expetunt,
1609 1079 1646 1153 hi
1662 1087 1748 1158 dent
1765 1085 1803 1156 in
1819 1087 1943 1178 primis
1957 1113 2045 1182 ope-

18 1195 213 1272 rtilitatem,
237 1197 278 1256 ut
294 1187 421 1255 docere
443 1180 607 1254 homines
631 1185 724 1254 inter
745 1207 782 1252 se
804 1207 845 1253 ae
863 1183 997 1254 discere
1050 1209 1137 1268 ram,
1167 1185 1449 1258 utDialectieam
1466 1209 1540 1256 uon
1556 1187 1671 1258 obiter
1685 1199 1853 1282 tanquam
1869 1191 2043 1280 fugientes

17 1305 166 1376 sossent,
192 1289 288 1384 quod
312 1285 474 1356 in'omni
502 1285 573 1356 vita
595 1285 995 1358 maximeneeessarinm
1048 1287 1243 1377 attingant,
1270 1289 1330 1358 sed
1356 1287 1540 1380 complecti
1566 1301 1675 1358 totam
1700 1292 1882 1376 studeant,
1909 1305 1942 1364 et
1966 1289 2042 1376 ἓξιιι

17 1413 67 1472 est.
117 1395 211 1466 Sunt
231 1391 326 1461 enim
342 1381 672 1460 docendihomiues
688 1389 733 1456 de
749 1387 995 1476 religionibus,
1047 1389 1132 1460 artis
1158 1389 1226 1460 sihi
1256 1391 1403 1478 faciant,
1443 1403 1483 1460 ut
1515 1413 1595 1462 vere
1623 1389 1719 1464 iuxta
1742 1394 1971 1484 proverbium
1994 1395 2042 1468 sit

17 1507 50 1575 le
74 1501 166 1582 iure,
200 1495 243 1563 de
263 1491 420 1584 legibus,
446 1491 491 1560 cle
509 1489 761 1561 controversiis
783 1487 994 1578 forensibus,
1046 1491 1245 1564 communis
1267 1489 1487 1576 Mercurius,
1519 1484 1587 1562 hoc
1617 1505 1683 1578 est,
1714 1505 1754 1564 ut
1775 1494 1909 1590 ubique
1932 1495 2040 1570 sitin

17 1609 117 1700 leque
139 1597 217 1670 aliis
233 1595 355 1665 multis
373 1593 491 1664 rebus.
544 1589 584 1662 ln
601 1587 657 1660 his
673 1591 840 1659 omnibns
860 1615 916 1660 res
940 1591 993 1660 ia·-
1046 1608 1214 1688 promptu
1236 1591 1448 1679 Dialectica,
1477 1605 1512 1663 et
1534 1617 1590 1664 res
1613 1595 1780 1668 obscuras
1804 1597 1972 1690 explicet,
2004 1611 2041 1672 et

17 1723 86 1782 :ent
102 1700 289 1790 dissipatae
303 1709 338 1767 et
352 1697 538 1780 confusae,
563 1696 632 1764 nisi
650 1691 837 1764 Dialectica
853 1694 996 1784 colligat
1046 1695 1219 1788 expediat.

17 1835 73 1894 eas,
98 1832 136 1876 ac
153 1803 353 1874 distribuat.
394 1795 471 1870 Uua
489 1795 600 1891 igitur
616 1813 667 1868 est
683 1791 767 1864 baec
782 1789 874 1888 pares,
901 1819 992 1890 qnae
1150 1795 1193 1868 ln
1216 1793 1282 1868 hac
1306 1791 1556 1868 adhortatione
1578 1821 1740 1888 maguam
1764 1814 1899 1892 partem
1924 1799 2039 1872 l'ihm.

17 1911 169 1986 ‚mnibus
191 1901 361 1994 negociis,
386 1897 554 1970 omuibus
570 1897 706 1969 artibus
727 1897 848 1967 lumen
868 1899 994 1982 adfert,
1045 1923 1124 1969 rum
1156 1922 1303 1970 suorum
1335 1900 1467 1994 ubique
1497 1902 1674 1972 consumit
1702 1900 1824 1990 Plato,
1860 1904 2038 1996 exagitans

17 2017 94 2088 ¹‚icut
114 2009 215 2080 Plato
238 2003 376 2098 inquit,
404 2027 425 2074 a
447 1993 659 2073 Prometheo
680 1999 799 2094 aliquo
817 1998 993 2068 divinitus
1044 1995 1219 2092 sophistas
1243 2001 1340 2070 illius
1362 2001 1548 2094 temporis,
1574 2003 1740 2096 aquibus
1755 1981 1931 2077 'irruemus
1953 2005 2038 2076 nul-

16 2121 53 2188 ad
76 2111 236 2186 homines
262 2107 430 2200 perlatam
463 2127 558 2188 esse,
590 2097 670 2196 ἅμα
693 2093 897 2196 paroeciam
919 2095 995 2172 τινὶ
1045 2103 1113 2176 lius
1141 2103 1192 2174 rei
1217 2104 1404 2194 perlectam
1433 2103 1615 2174 scientiane
1639 2107 1812 2191 discebat,
1846 2103 2039 2178 cum.Dia-

16 2213 113 2314 rupi,
139 2215 174 2284 id
192 2223 261 2296 est,
286 2233 367 2280 cum
384 2205 603 2277 lucidissimo
619 2205 774 2298 quodam
792 2202 883 2292 igni;
910 2201 992 2296 quin
1045 2203 1167 2276 lectica
1184 2227 1257 2272 nun
1273 2209 1483 2278 traderetur.
1522 2201 1569 2276 Et
1590 2207 1744 2296 pmfecto
1763 2208 1958 2300 periculum
1975 2221 2038 2296 est,

16 2327 168 2395 >lucunas
184 2335 304 2384 causas
318 2333 441 2380 omncs
456 2307 617 2396 patefacit
634 2323 667 2376 et
680 2304 870 2376 illuminat.
917 2303 949 2374 F
953 2331 989 2371 a·
1043 2309 1137 2391 sore,
1164 2318 1202 2375 nt
1220 2309 1405 2396 posteritas
1422 2329 1567 2396 magn„
1585 2331 1718 2398 poen„
1731 2311 1791 2380 de,
1808 2323 1944 2402 ,prem
1968 2289 2037 2382 ἧσο

16 2427 70 2498 :ile
98 2421 204 2512 igitur
229 2413 379 2502 intelligi
406 2423 538 2504 potest,
581 2405 674 2478 hanc
699 2421 809 2478 artem
837 2406 989 2474 maxime
1045 2424 1202 2500 tempore
1233 2403 1453 2480 Dialectices.
1516 2403 1608 2478 Nam
1642 2433 1722 2480 curn
1756 2410 1832 2482 sine
1866 2406 2037 2482 methodo

16 2525 162 2600 emnium
182 2515 413 2587 necessariam
435 2535 525 2597 esse,
550 2511 725 2604 siquidem
741 2531 827 2578 usus
848 2505 923 2575 eius
940 2507 993 2575 la-
1044 2505 1279 2604 Theologiam
1302 2524 1336 2580 et
1359 2507 1445 2576 alias
1468 2531 1611 2598 magnas
1640 2525 1734 2584 artes
1763 2513 2038 2602 profitebuntur,

20 2629 135 2702 issime
160 2631 256 2716 patet
282 2619 319 2687 in
341 2617 507 2687 omnibus
530 2611 705 2704 negociis,
732 2623 765 2678 et
788 2623 881 2678 artes
903 2607 992 2676 aliae
1043 2611 1132 2680 meri
1166 2605 1355 2685 histriones
1393 2623 1516 2696 ensut,
1555 2611 1655 2682 nulla
1691 2614 1845 2705 perfecta
1873 2613 2037 2686 doctrin.

16 2731 96 2806 ,radi
117 2738 177 2796 aut
198 2719 332 2816 percipi
354 2719 431 2788 siue
452 2718 515 2786 ista
538 2739 611 2784 nou
637 2724 793 2806 possunt.
846 2708 992 2780 Graecis
1044 2713 1204 2808 praediti,

16 2827 192 2904 aroverbio
221 2823 371 2894 dicitur:
408 2816 617 2890 Communis
646 2813 867 2896 Mercurius,
895 2812 992 2906 qnod
1145 2813 1218 2884 Nos
1242 2813 1351 2904 igitur
1371 2825 1403 2884 et
1421 2812 1704 2884 doctissimorum
1730 2809 1917 2886 hominum
1933 2825 2038 2888 suto.

15 2935 168 3006 homines
182 2925 342 2997 oratione
359 2921 584 3014 patefaciant,
610 2931 645 2988 et
658 2915 920 2987 corrrmunicent
935 2913 994 2981 iu·
1044 2918 1165 3002 ritate,
1190 2930 1226 2987 et
1247 2916 1403 2988 utilitate
1418 2915 1559 3006 publica
1575 2918 1710 2988 moveri
1729 2919 1848 3004 decet,
1873 2932 2036 3012 utquam

15 3057 60 3110 ter
81 3059 115 3104 se
136 3053 256 3099 omnes
282 3051 337 3098 res
361 3027 546 3108 obscuras,
572 3033 605 3090 et
628 3019 830 3112 cognitione
855 3015 992 3104 dignas.
1045 3017 1237 3113 plurimum
1250 3017 1372 3088 ‘studii
1392 3030 1497 3110 atque
1520 3040 1647 3108 operae
1668 3019 1707 3088 in
1724 3013 1815 3090 bane
1834 3035 1943 3090 artem
1961 3019 2036 3092 eol.

15 3139 50 3210 ld
80 3147 195 3206 aulem
222 3131 277 3200 vel
309 3127 462 3198 maxime
494 3123 663 3214 comptlll
690 3121 727 3190 5¹¹
755 3117 993 3203 maledicam,
1044 3124 1211 3212 locemus,
1234 3133 1273 3190 ut
1290 3115 1358 3190 hoc
1372 3120 1647 3190 instrumentum
1662 3123 1704 3190 ad
1721 3122 1919 3214 superiores
1933 3136 2037 3208 anes,

15 3265 95 3338 qnae
120 3237 161 3306 ad
186 3255 309 3303 omnes
330 3244 437 3314 artes,
463 3229 507 3298 acl
531 3247 654 3295 omnes
670 3221 832 3291 difficiles
849 3233 994 3288 contro-
1044 3225 1087 3294 ad
1115 3222 1372 3314 rempublicam
1405 3219 1604 3295 ,fferam
1657 3223 1763 3294 nec„
1794 3223 1889 3294 ,nim
1920 3225 2036 3294 bono,

15 3341 150 3420 cersias,
176 3339 220 3406 ad
235 3333 355 3403 omnia
370 3333 519 3401 obscura
535 3325 678 3418 negocia
694 3320 894 3394 adhibetur.
929 3317 994 3392 Est
1045 3327 1139 3396 vicos
1159 3338 1358 3418 praestare,
1389 3323 1451 3418 qui
1475 3325 1517 3392 ad
1541 3323 1683 3416 publica
1707 3325 1871 3414 negocia,
1901 3325 1945 3394 ad
1969 3327 2036 3396 do-

18 3447 112 3536 gitnr
137 3435 328 3510 Dialectica
355 3433 484 3518 veluti,
518 3424 643 3510 κοινὸς
673 3424 787 3520 ἑρμῆς
818 3425 992 3515 interpres
1044 3429 1172 3498 cendas
1187 3425 1394 3514 religiones,
1418 3437 1479 3496 aut
1500 3429 1692 3496 exercenda
1711 3427 1840 3498 indicia
1853 3427 2037 3512 accedunt,

15 3547 160 3618 Deorum
184 3553 289 3634 atque
310 3531 516 3618 hominum,
540 3531 580 3601 in
593 3530 753 3621 templis,
778 3527 816 3595 in
831 3528 930 3612 foro,
956 3523 993 3594 in
1043 3545 1083 3602 ut
1098 3553 1205 3624 quam
1219 3527 1441 3620 paratissimi,
1466 3527 1512 3598 sd
1527 3551 1583 3596 res
1596 3529 1775 3614 maximas,
1796 3528 2036 3614 difficillimas,

15 3645 145 3723 choba,
170 3643 207 3712 in
225 3638 379 3720 indiciis,
400 3637 440 3706 in
454 3633 600 3710 Senatu.
637 3625 803 3726 Denique
818 3651 992 3726 nusquam
1044 3647 1078 3702 et
1096 3633 1217 3725 plenas
1233 3629 1381 3720 periculi
1397 3631 1575 3704 accedant.
1626 3627 1716 3700 Nam
1741 3629 1896 3722 improbi
1917 3621 2035 3699 homi-

15 3777 77 3822 ¹⁰n
93 3743 293 3819 atcfflilssr·
1044 3735 1099 3804 nis
1125 3747 1195 3818 est,
1222 3731 1379 3822 polliceri
1407 3731 1595 3800 consilium
1619 3744 1724 3825 atque
1747 3756 1851 3823 opem
1877 3727 2033 3822 Reipub,

104 3847 188 3940 Quo
212 3845 324 3932 magis
346 3831 628 3934 reprehendendi
648 3847 730 3904 suot
742 3826 812 3903 hoc
825 3843 994 3923 tempore,
1043 3837 1071 3908 si
1089 3837 1176 3906 sciat
1197 3833 1437 3904 infirmitatem
1457 3857 1557 3902 suam
1575 3847 1609 3904 et
1626 3833 1802 3906 inscitiam
1818 3833 2034 3928 reipublicae

15 3957 65 4052 qni
91 3951 167 4020 sine
189 3945 381 4018 Dialectica
403 3952 594 4034 properant
610 3939 653 4005 acl
676 3935 876 4028 superiores
892 3945 994 4016 artes,
1044 3937 1278 4034 periculam
1293 3937 1383 4008 sor„
1435 3931 1531 4008 Dixi,

15 4085 38 4128 n
58 4055 188 4150 quibus
208 4048 377 4144 quoniam
398 4045 477 4114 sine
492 4041 681 4114 Dialectica
706 4030 915 4106 methodum
937 4059 993 4102 re-

15 4159 118 4232 rerire
134 4153 270 4224 unllam
289 4161 449 4239 possunt,
471 4147 519 4218 ita
536 4143 716 4221 errabunt,
739 4149 777 4208 nt
793 4135 822 4206 si
839 4137 874 4204 in
892 4137 992 4226 ignu-

16 4257 150 4333 issimis
165 4253 370 4345 regionibus
388 4261 490 4320 nocte
508 4247 576 4316 iter
589 4245 757 4313 lacerent.
810 4235 854 4308 Et
873 4237 938 4307 hae
954 4237 992 4304 in

15 4391 40 4436 e
62 4361 182 4432 minus
202 4357 379 4428 sustinent
403 4347 570 4444 periculi,
596 4343 659 4440 qni
682 4341 883 4413 Medicinae
905 4341 994 4408 dant
1051 4312 1225 4440 Μ

15 4487 160 4560 ›peranu
213 4459 301 4530 Nam
338 4451 376 4526 hi
400 4450 591 4525 Dialectica
625 4459 763 4517 tantum
798 4441 835 4512 in
863 4435 993 4511 scholis

15 4579 165 4642 utuntur.
203 4555 378 4646 'l'heologi
395 4569 427 4624 et
445 4546 689 4624 iurisconsulti
707 4547 893 4640 proferunt
905 4541 993 4613 Dia-

15 4669 161 4740 ecticam
184 4689 224 4734 ex
250 4661 378 4730 umbra
394 4657 431 4726 in
454 4655 573 4724 aciem.
626 4651 699 4721 Nec
721 4671 802 4718 suas
826 4667 993 4738 personas
1326 4682 1465 4758 Mula
1486 4705 1537 4758 0oe
1556 4681 1749 4757 Theocrito

16 4777 80 4842 ine
98 4763 165 4838 hnc
182 4765 420 4834 instrumento
437 4757 528 4828 tueri
544 4765 704 4848 possunt.
744 4747 875 4820 Paulus
892 4771 991 4840 prae·
1751 4732 1761 4753 ⁶

1044 4538 1048 4546 '
1115 4525 1146 4584 ln
1163 4525 1276 4597 Quaest.
1287 4523 1320 4580 ab
1333 4521 1424 4580 Ebero
1437 4523 1503 4580 edit.
1522 4543 1549 4599 p.
1561 4523 1579 4580 9
1590 4522 1617 4582 δ.
1631 4543 1693 4598 sqq.

19 4873 88 4962 ipit
105 4869 253 4936 verbssm
268 4857 333 4933 Dei
348 4857 587 4954 ὄρθοτομεῒν.
634 4857 668 4922 lsl
684 4854 864 4948 quomodo
882 4849 995 4932 faciet,
1042 4827 1167 4914 Nemo
1187 4823 1341 4904 restrium
1358 4831 1516 4924 ignorat,
1540 4853 1596 4901 me
1613 4832 1650 4902 in
1667 4825 1736 4902 hoe
1759 4831 1838 4904 loco
1854 4833 1896 4902 ad
1914 4833 2036 4905 dicen-

15 4969 219 5074 [ιιῑιιιιΙΙιιιι
244 4965 328 5038 sciet
347 4955 681 5054 aptedistingnendi
696 4969 730 5024 et
746 4951 922 5046 partiendi
937 4975 995 5020 ra·
1044 4945 1130 5012 dcem
1152 4937 1270 5009 offrcio
1300 4935 1441 5008 adduci.
1500 4929 1652 5006 Scholae
1683 4933 1777 5003 enim
1807 4939 2038 5022 consuetudo,

15 5073 164 5150 ionem?
196 5069 295 5160 Quid
315 5065 381 5136 erit
397 5063 647 5140 monstrosius,
673 5056 833 5126 doctrina
850 5052 995 5142 religio·
1044 5067 1135 5140 quae
1155 5043 1272 5132 legum
1295 5038 1407 5108 instar
1431 5033 1593 5106 habenda
1619 5049 1686 5121 est,
1713 5031 1780 5108 hoe
1802 5037 1921 5107 oneris
1945 5033 2037 5108 mihi

15 5181 72 5264 tis,
98 5175 128 5250 si
146 5173 275 5246 diversi
293 5167 361 5240 loci
379 5167 633 5245 miscebuntur,
658 5176 692 5231 et
708 5153 997 5226 confundentur?
1045 5145 1216 5240 imponit,
1242 5155 1280 5210 ut
1296 5141 1340 5210 de
1355 5139 1520 5210 laudibus
1536 5139 1682 5208 istarum
1698 5137 1827 5210 artium
1842 5139 1971 5230 dicam,
1997 5141 2037 5210 in

15 5281 127 5382 psales
142 5287 237 5362 sunt,
260 5267 421 5344 doctrina
435 5267 523 5357 legis
536 5279 567 5336 et
587 5259 781 5350 Evangelii,
804 5255 908 5328 Vitae
922 5253 996 5344 spi·
1044 5249 1175 5344 quibus
1198 5237 1367 5314 hactenns
1394 5239 1521 5312 versati
1544 5265 1678 5312 sumna.
1732 5239 1945 5338 Quanquam
1969 5241 2038 5310 int·

17 5381 146 5456 itualis
166 5377 298 5458 officia,
322 5387 355 5442 et
373 5371 465 5440 vitae
482 5365 599 5438 civilis
619 5365 754 5446 officia,
778 5371 995 5430 sacramenta
1043 5347 1218 5422 berillitas
1234 5343 1369 5434 ingenii
1390 5345 1480 5429 mei,
1504 5355 1537 5412 et
1554 5337 1639 5430 haec
1657 5343 1963 5414 ornatissimorum
1983 5343 2040 5412 vi·

15 5505 34 5561 t
52 5479 252 5559 sacrificis?
275 5474 398 5570 Neque
417 5471 605 5570 quisquam
623 5465 707 5538 satis
723 5478 847 5535 cautus
867 5461 934 5532 erit
956 5460 995 5530 in
1044 5477 1169 5524 rorum
1183 5446 1403 5544 frequentia,
1424 5469 1480 5516 rne
1495 5471 1515 5516 a
1532 5445 1684 5516 diceudo
1701 5447 1898 5534 deterrent,
1918 5460 2037 5518 tamen
