4666 6170
225 263 304 348 eea
587 245 843 371 scarras
881 247 955 326 au
987 243 1185 376 Vtram
1215 241 1294 320 ur
1327 243 1566 327 ourcuu
1600 245 1903 330 munaum
2183 259 2250 334 cau

226 452 381 516 mortem
403 428 513 508 bulut
536 425 608 502 hut
630 429 759 504 “dlfe-
787 423 1083 500 &dulot'dlne
1100 409 1224 494 narress
1273 419 1411 516 Aprilis
1439 425 1578 496 decimo
1602 411 1728 496 octavo
1763 423 1890 518 scripsi
1919 419 1987 496 hoc
2017 437 2246 504 testamcutum

228 567 328 628 rous,
351 537 459 632 paulo
481 546 563 629 post
583 547 706 604 octava
725 529 900 600 matutina
916 529 1070 620 gustavit
1086 523 1223 618 aliquid
1273 527 1313 596 in
1331 553 1411 600 meo
1429 529 1556 600 morbo
1570 529 1727 626 breuiter
1740 531 1785 599 de
1802 529 1846 598 iis
1862 527 2025 626 reliquiis
2045 529 2247 620 facultatum,

228 649 274 722 de
297 641 435 718 ἱῦιωῙῦ
458 653 493 711 el
511 635 662 711 burellis
682 631 895 714 stimuum,
924 644 1044 724 postca
1065 631 1133 698 sub
1157 623 1223 699 ho·
1273 626 1468 724 quaemihi
1486 629 1709 702 Deusdedit.
1753 629 2022 702 Confessionem
2039 632 2119 702 fidei
2135 647 2246 725 etgra.

230 773 307 824 ram
331 767 465 816 nouam
482 761 654 833 generum
666 735 845 806 medicum
863 735 1101 826 compellans,
1123 730 1225 824 quid,
1274 733 1405 804 tiamm
1429 734 1605 804 actionem
1628 737 1671 803 ad
1691 731 1808 805 Deum
1832 748 1868 806 et
1884 733 2078 808 Dominum
2100 749 2247 808 nostrum

228 851 299 927 tibi
325 846 462 942 inquit,
487 843 630 914 videtur
652 841 697 910 de
717 839 845 909 morbo
867 833 967 922 meo,
997 850 1032 906 et
1047 833 1135 930 quid
1150 831 1225 924 spei
1275 827 1391 908 lesum
1406 833 1610 922 Christum,
1635 837 1843 928 scripseram
1862 850 1964 908 antea
1982 836 2055 922 bis,
2078 839 2135 909 sed
2156 833 2247 910 char·

230 951 365 1028 habes?
394 943 487 1018 nihil
507 943 707 1016 dissimula.
758 937 827 1012 Cui
851 938 1027 1011 medicus:
1060 935 1158 1008 Deus
1171 947 1226 1038 est
1274 952 1330 1010 tae
1356 953 1441 1010 sunt
1462 939 1686 1031 interceptae.
1745 937 1839 1010 Volo
1865 954 1984 1011 tamen
2009 941 2248 1011 confessionem

230 1059 304 1130 vite
329 1069 390 1126 tua
415 1063 449 1124 ct
471 1047 659 1139 longitudo
680 1044 821 1116 dicrum
847 1055 1011 1127 tuorum,
1042 1040 1105 1134 qui
1132 1034 1225 1108 hauc
1274 1066 1389 1112 meam
1422 1066 1496 1112 esse
1521 1040 1788 1134 Responsiones
1823 1045 1868 1113 de
1898 1040 2078 1113 Bavaricis
2108 1043 2249 1116 articulis

230 1155 540 1236 commendamus,
571 1150 633 1222 sed
656 1147 741 1242 quia
763 1169 887 1217 verum
912 1167 969 1214 me
989 1142 1043 1212 vis
1063 1141 1180 1212 dicere
1194 1138 1226 1209 si
1275 1158 1398 1216 contra
1422 1143 1655 1240 Pontificius,
1689 1140 1958 1238 Anabaptistas,
1991 1144 2193 1230 Flacianos,
2222 1159 2251 1217 et

229 1258 404 1358 Phy⁵lffl⁰
425 1277 549 1326 causae
569 1251 859 1332 ⁰⁰ss⁸ld01¹0ssl¹1rs
899 1245 1057 1339 Pfflfeclo
1079 1267 1134 1314 res
1158 1243 1225 1311 ml·
1275 1247 1408 1318 similes
1425 1260 1489 1318 etc.
1525 1245 1612 1318 Post
1626 1243 1713 1317 haec
1726 1263 1926 1342 sequuntur
1942 1273 1980 1318 ea
1996 1271 2086 1342 quae
2102 1249 2249 1318 derebus

231 1365 330 1438 nime
354 1373 451 1432 caret
472 1353 650 1450 periculo,
679 1351 904 1423 imbecillitas
920 1348 1017 1418 euim
1031 1356 1159 1437 magna
1176 1355 1227 1414 est
1275 1350 1348 1422 suis
1360 1349 1437 1420 ficri
1453 1349 1587 1430 voluit,
1614 1351 1708 1421 etad
1725 1345 1894 1420 haeredes
1908 1351 2021 1442 ipsius
2033 1363 2168 1421 tantum
2181 1373 2250 1442 per

231 1481 267 1540 et
282 1467 322 1538 ln
336 1473 520 1536 momenta
536 1455 701 1546 augescit·
726 1451 822 1524 Tum
839 1452 1035 1522 illerursus
1050 1473 1113 1540 ego
1131 1447 1226 1517 idem
1276 1453 1411 1538 tinent,
1437 1451 1502 1522 etsi
1521 1475 1657 1538 eorum,
1683 1465 1723 1524 ut
1737 1454 1892 1524 diximus
1908 1453 2176 1546 descriptionem
2189 1475 2251 1522 nou

231 1569 367 1654 sentio,
392 1581 427 1638 ct
449 1585 564 1634 meam
587 1557 866 1630 imbecillitatem
888 1553 1062 1643 intelligo.
1113 1547 1227 1620 Paulo
1276 1555 1416 1648 potuit,
1441 1555 1627 1624 absolvere
1647 1557 1744 1648 quod
1768 1557 1957 1626 scribendo
1979 1557 2050 1626 iam
2067 1569 2135 1626 tres
2148 1555 2251 1646 papst.

230 1687 313 1766 post
324 1667 448 1766 quaeri
465 1666 564 1736 iubet
578 1661 618 1730 in
635 1655 766 1731 chartis
782 1657 856 1728 suis
875 1655 1027 1748 pagellas
1046 1655 1228 1749 quasdam,
1278 1659 1330 1728 las
1352 1658 1577 1742 coniecisset,
1602 1670 1708 1751 atque
1730 1658 1779 1727 ita
1801 1681 1838 1728 se
1856 1657 2098 1748 defatigasset,
2121 1671 2159 1728 ut
2172 1653 2252 1726 nihil

230 1778 272 1848 in
293 1773 427 1870 quibus
449 1777 698 1840 testamentum
720 1783 825 1832 suum
847 1761 955 1850 longo
973 1770 1131 1849 tempore
1147 1766 1228 1825 ante
1278 1771 1396 1852 posset
1412 1762 1542 1830 addere
1556 1773 1632 1830 aum
1649 1759 1821 1852 ampliu„
1848 1763 1910 1831 „d
1925 1762 1964 1832 51,
1979 1773 2157 1852 posterum
2171 1759 2250 1829 diem

233 1875 435 1952 dettrlbere
458 1871 506 1942 lla
530 1878 711 1960 ⁶⁰0Pfflls
735 1876 776 1934 Ul
798 1885 899 1932 ⁵¹¹²OE
918 1859 1128 1950 desingullt
1143 1855 1228 1926 reli·
1279 1862 1439 1934 differret
1468 1863 1607 1955 reliqua
1637 1864 1852 1950 deficientia,
1887 1889 1959 1956 quo
1989 1864 2069 1956 ipso
2092 1864 2252 1934 tamenin

232 1979 349 2073 gionis
365 1972 589 2050 Christianae
613 1967 787 2060 capitibus
807 1963 1019 2034 sententiam
1041 1961 1230 2052 explicaret
1280 1977 1433 2036 extrema
1463 1965 1594 2034 virium
1627 1965 1825 2040 delectione
1852 1967 2008 2038 scribere
2033 1962 2124 2036 nihil
2145 1965 2252 2058 potuit,

232 2095 340 2178 alque
360 2089 521 2152 testatam
545 2073 590 2142 ad
614 2068 856 2163 P⁰⁵lerll³lem
878 2068 1027 2146 faceret,
1061 2087 1172 2158 quem
1195 2073 1231 2132 et
1279 2080 1320 2138 ut
1341 2067 1435 2138 infra
1457 2081 1700 2158 cognoscetur.
1750 2067 1953 2140 Literarum
1976 2083 2096 2141 autem
2119 2067 2250 2140 exaratio

233 2207 359 2258 verum
397 2194 503 2272 atque
537 2173 767 2266 praecipuum
799 2181 1093 2240 testamentorum
1125 2187 1229 2235 usum
1279 2193 1505 2264 nequaquam
1522 2171 1680 2250 egentis,
1707 2171 1753 2242 de
1768 2195 1839 2264 qua
1856 2184 1928 2242 gam
1945 2171 2146 2266 propinqua
2162 2167 2250 2240 moni

233 2287 331 2381 apud
346 2283 481 2378 priscos
498 2278 602 2362 illos,
625 2287 662 2346 et
676 2270 1065 2363 sauctospatressuisse
1080 2291 1231 2338 consen·
1280 2272 1445 2343 debilitas
1467 2268 1773 2368 deprehendatur,
1807 2287 1842 2345 et
1862 2275 2013 2344 minime
2035 2273 2158 2345 simili,
2178 2271 2250 2342 mi.

234 2407 380 2464 tansum
406 2396 469 2458 est.
526 2377 607 2450 Hoc
630 2375 740 2467 igitur
762 2376 824 2446 ille
844 2374 1024 2444 luculente
1046 2371 1231 2442 lacerein·
1280 2389 1404 2468 pturae
1428 2375 1525 2446 illius
1549 2401 1619 2470 qua
1636 2377 1825 2446 undecima
1839 2375 1898 2447 die
1913 2393 1996 2450 ante
2004 2429 2018 2464 ,
2054 2401 2142 2472 quae
2155 2373 2248 2444 morbi

234 2502 385 2586 ceperat,
409 2506 557 2579 eamque
571 2475 835 2550 inchoationem
850 2475 957 2548 multi
969 2475 1149 2559 viderunt,
1169 2474 1230 2543 sed
1282 2477 1394 2570 prima
1419 2478 1508 2562 fuir,
1535 2479 1654 2549 literas
1677 2482 1721 2548 ad
1745 2480 1899 2550 amicum
1921 2480 1960 2570 in
1976 2481 2097 2552 littore
2112 2473 2249 2549 Balthico

234 2609 276 2668 ut
297 2589 500 2664 meminisse
523 2584 689 2654 videmur
710 2605 785 2650 uon
811 2581 916 2670 louge
938 2598 1144 2671 progressus
1166 2577 1230 2646 de-
1282 2583 1327 2651 ab
1341 2605 1382 2652 eo
1395 2594 1571 2667 exaratas,
1596 2582 1932 2676 suprascripsimus.
1983 2581 2077 2655 Nam
2093 2582 2154 2654 etsi
2169 2601 2253 2672 prae·

236 2692 564 2770 seribeudoiuerat.
617 2683 683 2755 llle
697 2684 808 2775 igitur
821 2681 976 2775 pagellae
993 2705 1074 2752 cum
1087 2680 1233 2750 iubente
1282 2684 1489 2754 cedentibus
1511 2684 1637 2756 diebus
1659 2686 1844 2776 scripserat
1866 2686 2043 2779 quaedam
2065 2687 2173 2756 multo
2194 2703 2253 2750 me·

120 2857 124 2862 ,
237 2801 333 2894 ipso,
367 2809 409 2868 ut
438 2791 610 2874 diximus,
644 2788 837 2878 diligenter
863 2797 941 2855 tum
964 2794 1233 2878 quaererentur,
1269 2787 1370 2872 lius,
1401 2800 1434 2858 et
1457 2786 1642 2876 epistolam
1673 2791 1718 2857 ad
1743 2787 1878 2858 Ducem
1903 2787 2096 2859 Bomssiae
2125 2784 2253 2858 omnino

236 2902 373 2996 ubique
393 2899 433 2968 in
456 2893 625 2966 omnihus
646 2890 781 2960 musaei
807 2886 969 2972 scriniis„
998 2885 1155 2956 inveniri
1179 2898 1233 2956 ta·
1283 2889 1434 2980 optime,
1464 2902 1583 2960 tamen
1604 2885 1690 2960 haec
1714 2891 1839 2961 ultima
1862 2891 1907 2960 de
1928 2915 1999 2984 qua
2023 2891 2170 2962 dicimus
2184 2887 2254 2958 scri.

237 3029 322 3078 men
343 3025 421 3074 nou
444 3009 612 3091 potuere,
641 3006 683 3064 ut
700 2992 875 3062 acuriosu
893 2989 1034 3084 aliquo,
1060 2989 1157 3083 quod
1173 3009 1233 3078 ge·
1282 3006 1387 3084 ptura
1408 2991 1520 3083 ipsius
1543 2993 1718 3062 eiusmodi
1743 3008 1813 3078 est,
1839 3006 1879 3064 ut
1893 3017 1997 3086 saepe
2012 2994 2196 3066 rectissime
2208 3013 2257 3058 va-

237 3129 307 3182 nus
328 3103 525 3177 secundum
547 3095 715 3168 Plautum
738 3116 876 3186 semper
898 3105 951 3162 est
975 3091 1129 3176 malum,
1153 3112 1233 3162 sur·
1283 3096 1360 3166 leus
1392 3118 1467 3164 non
1491 3094 1647 3185 pinxerit
1668 3095 1790 3166 literas
1812 3095 1995 3178 meliores,
2035 3099 2129 3192 quod
2156 3097 2255 3185 impe.

239 3223 355 3304 reptas
369 3205 450 3277 illas
464 3199 618 3294 suspicio
632 3197 689 3278 sit,
716 3198 810 3290 quod
828 3196 960 3266 lactum
976 3207 1027 3264 est
1042 3195 1086 3264 de
1102 3189 1234 3264 chartis
1284 3211 1416 3270 etentes
1431 3197 1534 3267 lacile
1550 3198 1707 3268 iudicare
1721 3211 1881 3290 possunt.

240 3325 276 3386 ct
290 3308 431 3402 scriptis
444 3305 522 3378 aliis
535 3304 574 3374 in
588 3296 813 3372 Bibliotheca
829 3297 927 3369 illius
939 3297 1116 3388 plurimis.
1140 3293 1233 3368 Cum
1274 3337 1278 3342 Δ
1388 3298 1495 3370 Mens
1514 3313 1634 3372 autem
1655 3303 1839 3373 constabat
1861 3301 2091 3392 integerrima
2116 3299 2256 3372 etsime.

240 3437 316 3488 nou
337 3410 560 3484 inveniretur
583 3405 646 3475 illa
665 3415 766 3474 vetus
788 3395 971 3472 inchoatio
996 3413 1076 3492 post
1102 3400 1235 3470 multos
1284 3403 1424 3474 rissima
1442 3425 1555 3497 usque
1578 3403 1622 3473 ad
1645 3416 1840 3476 extremum
1856 3405 1949 3476 vitae
1964 3399 2136 3490 halitum,
2160 3421 2257 3494 neque

241 3537 423 3590 sermones
445 3511 577 3606 quibus
599 3530 730 3599 genero
744 3506 788 3574 de
805 3505 911 3576 rebus
925 3502 1072 3596 privatis
1087 3504 1234 3574 univer·
1285 3519 1325 3578 ut
1341 3519 1445 3576 antea
1461 3505 1590 3575 intuta
1606 3505 1697 3590 vita,
1723 3507 1771 3576 ita
1786 3506 1891 3578 etiam
1905 3506 1969 3578 illo
1985 3508 2106 3578 morbi
2122 3521 2257 3596 tempore

242 3619 291 3694 sis
311 3617 530 3688 voluntatem
558 3622 714 3682 suamet
739 3605 972 3685 sententiam,
1007 3605 1108 3697 prius
1126 3629 1234 3696 expo·
1285 3604 1371 3680 haec
1392 3607 1468 3678 ullo
1492 3609 1598 3677 modo
1622 3622 1790 3681 attentata
1806 3610 1894 3694 fuit,
1920 3627 2074 3706 cumque
2089 3621 2214 3680 caetera
2228 3605 2257 3670 in

134 3763 137 3768 ·
242 3721 314 3796 suit
329 3743 437 3814 quam
452 3715 632 3794 scriberet,
655 3734 786 3782 novam
801 3707 1075 3804 descriptionem
1089 3708 1236 3801 suscipit
1286 3733 1434 3803 corpore
1459 3710 1572 3802 ipsius
1597 3712 1755 3782 membra
1787 3712 1900 3782 solida
1926 3727 2060 3798 esseut,
2094 3712 2258 3784 cerebrum

242 3826 369 3898 sedens
392 3822 437 3892 ad
459 3817 657 3888 mensulam
671 3837 792 3896 suam,
814 3837 884 3906 quo
900 3811 1035 3881 solebat
1049 3835 1130 3882 eum
1148 3811 1235 3905 quid
1285 3828 1404 3884 tamen
1434 3826 1510 3885 erat
1537 3813 1797 3901 firmissimum,
1835 3815 2026 3908 quodnisi
2057 3816 2127 3885 tale
2146 3814 2260 3888 fuisset.

243 3927 412 4000 scriberet
427 3923 493 3994 sub
508 3915 635 4000 horam
651 3917 853 3996 wlfildam,
868 3927 903 3985 el
917 3937 1122 4008 quanquam
1137 3915 1236 3983 vale-
1287 3929 1403 3988 tautos
1421 3916 1482 3984 ille
1501 3929 1536 3986 et
1549 3929 1728 3987 tantarum
1742 3917 2017 4009 occupationum
2034 3919 2189 3999 labores,
2209 3933 2260 4006 per

242 4031 329 4106 tudo
346 4039 381 4099 et
396 4026 489 4098 vires
503 4021 551 4094 ita
568 4032 669 4110 erant
691 4031 732 4090 ut
746 4017 921 4101 diximus,
949 4039 1063 4110 neque
1077 4029 1236 4110 praeter·
1286 4033 1358 4090 tarn
1378 4019 1510 4089 inultos
1525 4041 1638 4090 annos
1651 4019 1825 4091 sustinere
1841 4033 1945 4114 atque
1960 4021 2118 4112 perferre
2131 4017 2260 4090 minime

242 4156 350 4230 quarn
366 4131 411 4200 de
420 4123 569 4222 privatis
577 4123 685 4194 rebus
693 4120 757 4192 tali
769 4133 928 4212 tempore
938 4141 1003 4188 suo
1020 4119 1235 4210 perscribere
1287 4121 1475 4214 potuisset,
1501 4135 1606 4214 atque
1629 4122 1684 4191 vel
1706 4116 1773 4194 hac
1793 4123 1916 4192 eadem
1937 4123 2016 4208 die,
2039 4123 2097 4193 vel
2111 4129 2260 4214 sequente

241 4247 378 4329 posset,
404 4255 485 4304 cum
511 4251 557 4298 ne
579 4222 650 4298 hoc
670 4224 815 4318 quidem
836 4245 900 4314 pec
923 4221 1142 4293 debilitatem
1155 4246 1236 4314 per·
1288 4227 1333 4296 ad
1359 4225 1480 4294 liliam·
1495 4225 1689 4295 testabatur
1712 4249 1754 4294 se
1777 4221 1847 4296 Dei
1869 4226 2041 4296 beneficio
2064 4225 2185 4318 capitis
2204 4221 2261 4289 im-

241 4339 375 4410 liceret:
402 4333 498 4430 quod
513 4343 634 4402 tamen
648 4349 787 4418 semper
801 4325 845 4395 de
860 4322 1012 4416 publicis
1028 4325 1136 4395 rebus
1152 4349 1238 4396 cura
1287 4327 1513 4398 becillitatem
1537 4349 1602 4396 nec
1628 4327 1777 4398 sensisse
1799 4351 1865 4398 nec
1876 4327 2009 4401 sentire
2022 4328 2144 4400 ullam.
2192 4321 2261 4394 Non

241 4439 275 4514 ei
296 4437 417 4532 potior
439 4447 547 4520 esset,
570 4455 647 4502 uon
669 4429 787 4522 potuit
808 4428 942 4510 lacere,
970 4427 1060 4519 quin
1081 4427 1237 4500 breviter
1287 4432 1434 4502 deerant
1454 4429 1517 4524 qui
1537 4453 1578 4499 er
1602 4423 1670 4502 hac
1693 4431 1872 4502 soliditate
1893 4431 2073 4524 corporis,
2110 4443 2262 4501 struem·

241 4540 440 4618 tumeliam
455 4537 518 4621 iis,
542 4558 633 4630 quae
648 4535 692 4604 de
707 4529 813 4602 bonis
828 4527 902 4600 suis
915 4529 1168 4617 constituebat,
1191 4533 1235 4602 de
1287 4535 1435 4620 brorum
1449 4531 1721 4624 praecipuorum
1738 4534 1889 4618 virtute,
1914 4534 2008 4606 vitae
2029 4531 2262 4604 extinctionem

241 4643 461 4718 confessione
492 4638 576 4708 fidei
606 4659 690 4706 suae
721 4633 824 4728 ‘quasi
855 4632 1092 4724 praeferetur,
1138 4637 1234 4729 quod
1286 4647 1485 4711 metuerent
1505 4634 1706 4720 duriorem,
1732 4649 1767 4707 et
1790 4631 1920 4729 σβέσιν
1937 4649 1977 4707 ut
1993 4634 2264 4718 Aristotelesgp.

141 4779 142 4784 ¹
241 4745 503 4844 prooemiolum
520 4740 619 4811 illius
636 4761 717 4809 cum
733 4737 777 4806 ad
794 4734 975 4827 publicam
989 4735 1185 4808 voluntatis
1201 4752 1236 4810 et
1286 4738 1407 4832 pellat,
1428 4761 1503 4808 non
1516 4737 1662 4808 senilem
1676 4731 1879 4833 μάρανσιν.
1930 4736 2145 4812 Conferebat
2159 4747 2262 4806 autem

242 4849 436 4924 sententiae
467 4841 579 4937 ipsius
608 4837 918 4912 constestationem
944 4837 1136 4929 pertineat,
1168 4835 1236 4912 hac
1287 4865 1367 4912 cum
1399 4863 1528 4930 genero
1564 4853 1639 4910 tum
1675 4841 1782 4912 etiam
1813 4842 1858 4910 de
1891 4841 2143 4913 communibus
2170 4835 2263 4907 rebus

242 4952 349 5026 etiam
371 4952 415 5022 de
430 4969 535 5020 causa
550 4939 1053 5038 optimafidetransscriptum
1070 4936 1234 5014 hocloco
1286 4941 1499 5014 Academiae
1522 4955 1682 5028 nostrae,
1711 4956 1746 5014 et
1768 4943 1952 5016 constituit
1966 4945 2011 5015 de
2028 4942 2187 5014 doctriua
2205 4957 2264 5025 pu·

243 5055 473 5127 inserendum
497 5047 720 5143 putavimus,
745 5042 953 5136 praesertim
969 5063 1051 5114 cum
1067 5045 1112 5115 iis
1127 5045 1233 5116 etiam
1285 5045 1380 5117 blica
1404 5058 1483 5137 post
1502 5056 1654 5116 mortem
1673 5067 1792 5132 suam,
1817 5069 1993 5142 quemque
2008 5043 2079 5117 sibi
2095 5041 2264 5116 succedere

241 5179 333 5254 quae
347 5158 418 5228 iarn
435 5155 480 5225 de
494 5161 705 5224 testamento
716 5140 823 5218 huius
838 5144 1061 5216 narravimus
1082 5147 1236 5240 explica-
1285 5147 1438 5218 maxime
1460 5147 1585 5232 vellet,
1611 5160 1647 5219 et
1669 5147 1714 5218 de
1737 5149 1817 5218 aliis
1833 5149 2066 5242 quibusdam,
2090 5142 2265 5238 dequibus

241 5260 376 5334 tionem
391 5257 527 5352 afferant.
577 5250 696 5324 Verba
709 5248 818 5340 igitur
834 5246 964 5343 quihus
985 5259 1243 5322 testamentum
1285 5245 1453 5322 hocloco
1476 5247 1549 5320 dici
1571 5242 1666 5320 nihil
1687 5251 1832 5332 attinet,
1865 5251 2077 5324 sententiam
2098 5269 2193 5320 suam
2213 5263 2264 5310 cr·

242 5385 348 5436 suum
363 5357 410 5438 D.
424 5353 612 5450 Philippus
631 5347 731 5424 horis
745 5363 829 5422 aute
845 5361 995 5420 mortem
1015 5350 1145 5442 viginti
1168 5377 1237 5424 no-
1285 5353 1453 5446 plicabat.
1521 5349 1636 5422 Horav
1652 5353 1754 5424 tertia
1786 5377 1827 5424 ex
1848 5377 1991 5426 musaeo
2015 5353 2054 5424 in
2076 5345 2264 5424 cubiculum

242 5489 322 5540 vem
337 5460 536 5536 describere
551 5457 674 5552 caepit,
695 5450 782 5526 hacc
796 5465 897 5526 sunt:
924 5445 1236 5528 annectendis
1285 5455 1408 5552 reduci
1436 5453 1595 5536 volebat,
1628 5479 1712 5526 nam
1733 5469 1772 5528 ut
1795 5451 1864 5530 hoc
1887 5457 1991 5530 etiam
2014 5453 2131 5528 obiter
2148 5449 2265 5522 ceiera-
