4686 6172
86 303 159 383 167

674 297 1104 395 annsrtonns
1131 297 1531 379 tcnnnmtcan

86 479 188 554 aiter
207 427 345 559 dicere,
370 491 479 572 quesn
495 475 688 570 proponis,
714 476 880 550 videlicet
897 478 943 550 de
963 490 1071 550 natu-
1093 529 1098 590 Ι
1222 475 1336 570 Saepe
1354 475 1461 548 etiam
1479 475 1603 548 audivi
1626 497 1756 568 magno
1778 475 2001 550 cumdolore
2023 501 2111 550 oon·

85 583 131 656 ris
151 582 191 652 in
212 575 378 664 Christo,
409 593 447 654 et
467 581 514 652 de
533 579 609 652 eius
631 581 831 666 beneficiis,
861 581 1069 672 praesertim
1121 595 1328 674 querentem
1341 577 1596 652 Reverendum
1615 579 1732 650 virum
1748 575 1941 652 Doctorem
1957 574 2110 652 Morti·

84 709 160 756 com
175 683 363 754 audiamus
387 705 533 754 errones
548 683 722 778 quosdam
739 684 966 757 circumferre
983 681 1070 756 Ser·

84 787 210 860 vetlem
233 785 422 881 reliquias,
450 799 573 856 contra
589 809 678 880 quas
698 787 927 879 praemunire
943 781 1070 856 Eccle-

82 891 168 976 sias,
194 889 431 960 necessarium
455 903 518 963 est.
570 885 732 959 Adfirmo
751 889 880 979 igitur,
905 889 945 957 iu
959 881 1068 959 Chri·

83 1006 136 1064 sto
157 1006 242 1062 nato
267 1013 309 1062 ex
334 992 473 1082 virgine
495 993 584 1062 duas
606 1014 681 1061 esse
705 1005 868 1076 naturas,
891 983 1006 1089 λόγον
1033 1003 1067 1062 ει

80 1091 271 1184 humanam
297 1105 474 1165 naturam.
529 1089 578 1164 Et
600 1086 715 1194 λόγον
739 1095 845 1165 ἰιιὶιίο
871 1095 916 1164 ad
940 1087 1067 1164 Eccle-

80 1199 164 1268 siam
181 1199 330 1268 missum
347 1219 441 1283 esse,
463 1219 504 1267 aa
526 1198 571 1266 ad
588 1194 705 1267 Adam
725 1212 760 1268 et
775 1195 913 1267 Hevam
940 1209 1066 1288 protu-

80 1299 157 1370 lisse
171 1300 447 1391 promissionem
462 1323 502 1369 ex
520 1299 602 1370 sinu
620 1300 756 1371 aeterni
773 1299 895 1392 patris,
921 1323 961 1368 ac
973 1293 1065 1394 ὑφι-

81 1395 267 1494 στάμενον
291 1425 387 1489 εεεε,
411 1417 446 1474 ει
466 1425 605 1494 semper
625 1403 779 1473 adfuisse
798 1417 833 1474 ει
851 1403 971 1472 adesse
992 1398 1065 1472 Ec-

79 1505 219 1592 clesiae,
247 1519 283 1576 et
305 1505 511 1575 immediate
535 1529 598 1597 per
622 1529 703 1574 enm
729 1505 932 1576 conservari
955 1505 1064 1574 mini-

79 1608 220 1678 sterium
243 1603 451 1698 Evangelii,
484 1623 518 1680 et
543 1609 659 1700 ipsum
686 1633 770 1678 voce
787 1604 974 1698 Evangelii
994 1608 1063 1676 im-

79 1710 228 1781 mediate
245 1711 420 1782 efficacem
438 1733 531 1796 esse,
557 1725 592 1780 et
610 1711 777 1800 colligere
796 1725 974 1780 aeternam
991 1705 1063 1780 Ec-

79 1812 238 1894 clesiam,
264 1826 296 1883 et
322 1838 385 1904 per
411 1837 491 1884 eum
513 1814 558 1882 ab
580 1827 723 1884 aeterno
735 1811 840 1886 Patre
853 1813 932 1884 dari
948 1808 1064 1903 Spiri-

79 1927 155 1984 tnm
177 1929 348 1988 sanctum·
411 1913 710 1988 Confirmationes
733 1917 870 2010 aliquas
892 1909 975 2010 napi
999 1906 1061 1986 λό-

79 2039 151 2113 γου
165 2031 257 2088 recte
271 2019 551 2089 accommodatas
567 2033 626 2090 tua
645 2019 759 2090 oratio
775 2019 956 2102 recitavit,
972 2041 1062 2110 quae

78 2141 216 2210 semper
228 2120 268 2190 in
282 2133 471 2210 conspectu
489 2122 573 2191 sint.
625 2120 696 2192 Sed
712 2122 786 2214 ipsa
804 2118 982 2190 invocatio
997 2119 1062 2186 filii

80 2243 144 2310 per
161 2241 234 2290 sese
246 2235 296 2290 est
312 2221 456 2292 firmum
473 2237 507 2294 et
522 2223 660 2295 illustre
674 2225 938 2308 testimonium,
965 2223 1061 2316 quod

82 2317 189 2417 λόγος
203 2317 517 2419 εἰιῦφισιάμενος,
530 2341 565 2396 ει
580 2328 817 2420 omnipotens.
847 2323 960 2418 quue
972 2349 1062 2419 quo-

81 2423 167 2492 tidie
199 2426 236 2494 in
265 2427 487 2498 invocatione
518 2431 745 2520 cogitandum
767 2445 828 2499 εει.
889 2423 1063 2518 Expresse

80 2537 194 2594 autern
212 2523 410 2619 Prophetae
431 2543 465 2610 et
479 2527 644 2626 Apostoli
660 2535 704 2602 de
724 2531 949 2610 invocatione
965 2529 1062 2597 Mes-

79 2626 149 2697 siae
179 2630 455 2718 concionantur,
489 2642 529 2704 ut
553 2631 687 2706 Paulus
720 2633 757 2707 in
790 2631 944 2702 secunda
973 2625 1064 2721 Epi-

79 2730 165 2799 stola
190 2733 233 2803 a‘d
252 2730 589 2806 Thessalonicenses
613 2737 749 2830 inquit:
781 2733 860 2826 lpse
884 2729 1063 2802 Dominus

81 2846 197 2904 noster
211 2833 308 2908 lesus
321 2833 487 2910 Christus
501 2853 536 2910 ει
550 2837 668 2925 Deus,
683 2853 717 2908 et
732 2851 832 2930 pater
851 2850 982 2920 noster,
999 2835 1063 2929 qui

78 2934 199 3008 dilexit
213 2963 299 3021 nos,
325 2942 510 3012 confirmet
530 2945 638 3018 corda
653 2957 782 3014 vestra.
833 2938 882 3012 Et
904 2939 979 3031 ipse
1002 2939 1061 3008 in-

78 3038 168 3129 quit:
194 3039 329 3118 Venite
342 3043 386 3114 ad
404 3067 460 3116 me
475 3067 618 3126 omnes,
633 3045 695 3140 qui
711 3043 902 3126 laboratis,
923 3055 958 3112 et
974 3067 1063 3113 one-

78 3142 142 3210 rati
164 3147 269 3232 estis,
303 3160 339 3218 et
359 3169 423 3236 ego
449 3148 606 3218 reficiam
628 3171 703 3220 vos.
756 3143 862 3216 Item:
899 3145 977 3214 sine
1004 3167 1061 3214 me

77 3238 166 3316 nihil
184 3247 332 3339 potestis
347 3249 474 3324 facere.
510 3247 559 3322 Et
574 3248 735 3320 Psalmus
751 3247 886 3342 inquit:
911 3245 961 3318 Et
977 3271 1064 3316 con·

78 3349 230 3440 cupiscet
256 3349 335 3424 Rex
356 3351 521 3420 decorem
543 3367 663 3431 tuam,
690 3352 772 3446 quia
794 3351 869 3442 ipse
891 3363 942 3420 est
965 3347 1063 3418 Deus

77 3459 171 3534 tuus,
198 3471 234 3528 et
250 3453 417 3524 adorabis
432 3475 527 3526 eum.
579 3451 754 3546 Expressa
770 3451 920 3524 Messias
946 3447 1004 3522 hic
1028 3463 1064 3522 et

77 3555 285 3630 nominator
308 3553 425 3636 Deus,
460 3569 494 3626 et
516 3557 736 3648 praecipitur
759 3556 938 3638 adoratio,
972 3554 1065 3626 sicut

77 3665 109 3724 et
134 3653 304 3730 ieremias
327 3660 491 3730 nominat
515 3682 597 3730 eum
614 3657 750 3740 Deum,
777 3658 961 3752 inquiens:
1015 3653 1064 3728 Et

76 3745 140 3828 hoc
163 3779 215 3836 est
240 3785 392 3847 nomen,
426 3786 497 3854 qno
519 3763 762 3832 nominabunt
790 3785 892 3842 eum,
921 3754 1065 3842 lehova,

76 3853 210 3936 iusticia
235 3879 373 3936 nostra.
425 3859 473 3934 Et
486 3859 610 3934 Esaias
634 3865 798 3936 nominat
820 3887 901 3932 eum
916 3857 1064 3932 Emma-

76 3965 168 4034 nuel.
221 3961 271 4038 Et
286 3968 330 4036 de
348 3967 572 4038 invocatione
587 3967 721 4062 inquit:
756 3963 799 4036 ln
823 3966 882 4036 die
907 3964 969 4034 illa
993 3977 1064 4034 sta-

76 4058 128 4136 bit
144 4071 247 4140 radix
266 4065 374 4154 lesse,
400 4083 437 4140 et
453 4083 575 4160 gentes
596 4071 641 4138 ad
667 4094 745 4140 eam
760 4067 980 4158 confugient.
1017 4061 1065 4136 Et

76 4157 179 4242 lacob
199 4196 283 4244 curn
309 4173 467 4242 invocat:
494 4169 690 4242 Benedicat
712 4168 812 4242 Deus
833 4169 954 4260 pueris
978 4167 1066 4254 istis,

75 4277 107 4338 u
129 4265 291 4365 Angelus
316 4273 377 4366 qui
406 4275 572 4345 liberavit
599 4299 656 4346 me
680 4298 720 4344 ex
745 4273 915 4343 omnibus
950 4271 1065 4340 matis.

75 4361 146 4442 Nec
164 4375 319 4448 dubium
337 4390 407 4458 est,
435 4369 548 4472 λόγον
562 4376 743 4446 nominari
758 4370 958 4464 Angelum,
981 4372 1064 4467 quia

75 4471 118 4540 td
133 4469 329 4550 Ecclesiam
345 4479 391 4548 ab
407 4478 512 4550 initio
531 4480 659 4550 missus
681 4493 745 4552 est.
796 4475 894 4548 Haec
918 4475 957 4544 in
975 4499 1065 4569 quo-

75 4569 211 4652 tidiana
233 4581 460 4652 invocatione
480 4582 691 4670 cogitemus,
717 4595 752 4652 et
776 4578 983 4650 confirmari
1004 4602 1065 4646 ve-

74 4693 150 4746 ram
174 4683 384 4756 senteutiam
410 4684 449 4752 in
477 4685 582 4754 nobis
607 4699 780 4777 petamus.
833 4681 955 4751 Audio
977 4675 1064 4750 Ser-

77 4784 214 4870 vatum,
246 4811 328 4856 cnm
358 4788 402 4854 ad
437 4787 652 4877 supplicium
685 4789 894 4868 duceretur,
927 4781 1062 4852 iussum

76 4897 148 4950 etse
172 4887 341 4960 invocare
367 4889 502 4972 lilium,
536 4889 734 4960 Dominum
756 4899 919 4956 nostrum
948 4882 1063 4954 lesum

76 4973 276 5078 Christum,
308 4985 365 5062 his
391 4992 525 5062 verbis:
566 4986 602 5062 O
628 4992 691 5060 lilii
713 4989 780 5060 Dei
805 4985 885 5058 lesu
908 4981 1064 5072 Christe,

75 5083 241 5164 miserere
258 5095 348 5182 mei,
363 5097 423 5166 sed
442 5093 598 5169 noluisse
613 5118 693 5164 eum
711 5088 777 5163 hac
791 5088 1064 5180 compellatione

75 5185 139 5304 mi·
174 5192 292 5267 Tanta
309 5221 388 5267 cum
407 5199 515 5266 luerit
531 5196 608 5266 eius
624 5193 815 5286 pertinacia
840 5193 879 5260 in
896 5185 1063 5282 blasphe-

74 5304 163 5376 mta,
188 5299 381 5390 cogitemus
393 5302 438 5368 de
454 5299 530 5368 eius
545 5312 659 5370 morte
674 5313 828 5370 veterem
843 5317 1001 5362 versum:

120 5399 164 5482 “lt
182 5409 334 5480 trinas
356 5415 407 5479 rol
430 5412 539 5492 tatae,
563 5411 649 5490 ὅστις
677 5417 810 5480 τοιαῦτα
833 5431 866 5476 ιιι
887 5406 978 5490 ῥίζα.

1120 705 1209 752 num
1217 675 1455 768 Lathsrunr,
1481 684 1526 752 de
1548 683 1780 754 invocatione
1803 675 1991 756 hominum
2009 707 2108 756 mor·

1119 798 1283 868 tuorum,
1318 809 1358 856 ac
1383 786 1580 870 dicentem,
1604 785 1635 856 si
1658 786 1760 858 nulla
1786 784 1857 856 alia
1879 807 1983 858 causa
2008 801 2108 872 esset,

1118 913 1182 960 cor
1204 889 1433 960 detestandus
1456 889 1503 958 sit
1526 889 1587 958 ille
1601 912 1699 975 mos,
1732 883 1799 960 hos
1820 889 1905 958 satis
1927 912 2002 960 esse
2024 913 2109 962 cau·

1117 1013 1192 1074 sae,
1219 993 1316 1086 quod
1344 992 1509 1063 obscuret
1533 991 1797 1063 invocationem
1810 985 1963 1078 Christi,
1984 1006 2022 1064 et
2039 987 2107 1064 hot

1116 1093 1254 1164 illustre
1270 1095 1514 1166 testimonium
1532 1094 1733 1166 divinitatis
1749 1087 1905 1180 Christi,
1930 1097 2028 1188 quod
2045 1118 2107 1165 su-

1116 1196 1228 1268 mitur
1244 1222 1285 1266 ex
1301 1199 1541 1272 invocatione.
1593 1195 1690 1268 Haec
1713 1197 1804 1268 scire
1827 1209 1861 1268 et
1883 1221 1986 1289 saepe
2007 1197 2108 1288 rogi-

1115 1313 1211 1384 tare,
1233 1300 1322 1370 utile
1346 1313 1409 1371 est.
1472 1299 1525 1370 Te
1544 1313 1663 1370 autem
1681 1300 1739 1370 lili
1754 1297 1822 1370 Dei
1847 1297 2000 1372 Domine
2025 1298 2105 1372 lesu

1114 1397 1256 1473 Christe
1275 1426 1359 1488 oro,
1387 1417 1429 1474 ut
1443 1426 1511 1473 nos
1526 1404 1713 1494 gubernes.
1765 1400 1862 1477 Dixi.

1123 1801 1189 1872 No.
1206 1801 1268 1876 64.

1128 1901 1299 1927 m

1844 1807 1897 1872 27.
1915 1807 1991 1870 Maii
2009 1809 2103 1874 toas.

1848 1903 2097 1940 ‘ss-⁷

1181 2014 1212 2070 In
1223 2015 1390 2097 Quaestione.
1411 2031 1438 2086 p.
1457 2017 1531 2069 1442
1553 2033 1579 2088 q.
1617 2015 1721 2075 Consil.
1736 2015 1804 2100 illel.
1817 2017 1854 2074 Τ.
1867 2013 1902 2072 ll.
1935 2014 2020 2071 ,atu
2039 2023 2066 2067 ει
2076 2013 2104 2068 in

1212 2085 1314 2142 halect.
1327 2085 1453 2141 Declam.
1465 2083 1500 2140 Τ.
1519 2035 1565 2141 li'.
1579 2105 1606 2158 p.
1618 2083 1678 2140 842.
1716 2085 1844 2140 Richard.
1860 2087 1895 2139 T.
1909 2035 1957 2140 lii.
1974 2103 2001 2156 p.
2018 2082 2078 2138 585.

1114 2249 1314 2334 Quaestio,
1341 2269 1390 2317 au
1415 2242 1522 2343 {ilius
1548 2249 1623 2320 Dei
1650 2253 1759 2319 lesus
1786 2243 1955 2319 Christus
1982 2249 2103 2318 ctiam

1113 2349 1349 2446 invocandus
1382 2355 1434 2421 sit
1466 2357 1651 2446 tanquam
1682 2349 1897 2438 Mediator,
1937 2351 2103 2420 recitata

1113 2453 1148 2524 d.
1173 2451 1233 2526 Ἦ.
1260 2456 1360 2524 Maii
1390 2451 1524 2544 tosa,
1552 2477 1639 2525 cum
1665 2453 1933 2526 decerneretur
1956 2449 2105 2548 gradus

1113 2559 1318 2626 Doctorum
1347 2553 1573 2651 Theologiae
1598 2561 1651 2628 M.
1669 2557 1818 2628 Paulo
1848 2553 1900 2626 ab
1916 2560 2104 2644 Er‘tzcrs,

1163 2655 1465 2754 {lemburgensis
1492 2661 1683 2730 Ecclesiae
1705 2657 2052 2750 superintendentr'.

1112 2795 1206 2880 Non
1223 2821 1275 2878 est
1291 2829 1449 2892 necesse,
1475 2833 1532 2878 me
1548 2809 1729 2902 disputare
1751 2811 1931 2895 decanea,
1956 2823 2105 2902 propter

1114 2935 1220 3006 quarn
1238 2905 1388 2979 hirmos
1405 2909 1589 2984 institutus
1606 2926 1677 2994 est,
1703 2925 1742 2984 ιιι
1759 2911 1798 2982 ἰιι
1817 2905 1874 2982 his
1894 2907 2104 2984 honestissi-

1114 3013 1182 3084 mis
1208 3013 1455 3104 congressibus
1480 3013 1573 3084 inter
1597 3038 1698 3086 sones
1715 3018 1821 3088 detur
1837 3015 1935 3086 locus
1959 3015 2103 3086 dicendi

1113 3117 1198 3188 rudi
1223 3115 1501 3203 adolescentiae,
1540 3117 1622 3212 quia
1650 3131 1807 3190 nostram
1829 3131 1978 3188 aetatem
2004 3117 2104 3188 decet

1113 3216 1334 3304 obedientia,
1367 3243 1473 3314 quam
1498 3219 1549 3310 pii
1573 3234 1735 3312 parentes
1758 3234 1792 3292 et
1815 3214 1984 3292 honestae
2009 3220 2103 3310 leges

1113 3319 1285 3414 flagitant.
1337 3321 1409 3393 Sed
1423 3322 1580 3394 fortassis
1595 3323 1787 3394 voluerunt
1802 3346 1869 3394 nos
1881 3317 2046 3394 adhiberi
2062 3323 2101 3391 in

1113 3421 1171 3496 his
1185 3423 1414 3520 spectaculis,
1439 3438 1479 3496 ut
1501 3425 1614 3516 magis
1631 3425 1895 3498 consideremus
1920 3425 2102 3497 doctrina-

1114 3553 1195 3600 rum
1218 3527 1389 3612 nomiua,
1421 3540 1456 3598 et
1480 3526 1677 3598 invitemur
1699 3532 1745 3600 ad
1768 3529 1988 3602 discendum.
2047 3523 2101 3598 Ac

1113 3633 1233 3702 minus
1255 3629 1386 3700 mirum
1410 3643 1480 3714 est,
1506 3626 1669 3701 adhiberi
1694 3653 1778 3717 nos,
1810 3654 1892 3702 cnm
1916 3629 2102 3702 disseritur

1115 3735 1159 3804 de
1183 3733 1345 3803 doctrina
1364 3725 1570 3820 Evangelii,
1599 3735 1683 3827 quia
1698 3731 1801 3806 initia
1823 3733 1898 3805 eius
1917 3731 2102 3806 doctrinae

1114 3860 1181 3906 nos
1197 3857 1340 3928 quoque
1356 3858 1375 3902 a
1393 3834 1523 3904 teneris
1546 3837 1664 3906 statim
1680 3837 1814 3906 discere
1830 3835 2010 3908 debemus.
2053 3829 2101 3905 Et

1114 3935 1162 4012 Et
1179 3933 1348 4008 liliusDei
1366 3935 1498 4030 inquit:
1526 3935 1642 4010 Sinite
1657 3937 1825 4032 parvulos
1839 3939 1963 4026 venire
1974 3939 2017 4008 ad
2032 3960 2102 4016 me,

1115 4039 1199 4136 quia
1233 4038 1359 4110 talium
1395 4052 1447 4110 est
1480 4063 1629 4132 regnum
1663 4041 1857 4114 coelorum.
1907 4037 2102 4130 Praecipue

1114 4167 1200 4214 vero
1215 4164 1354 4212 necesse
1370 4155 1440 4223 est,
1461 4143 1655 4214 rectissime
1671 4157 1794 4216 notam
1811 4165 1885 4212 esse
1901 4141 2101 4212 doctrinam

1114 4247 1158 4316 de
1174 4245 1420 4330 invocatione,
1446 4257 1480 4314 et
1497 4245 1651 4318 discerni
1668 4260 1824 4318 nostram
1838 4244 2099 4315 invocationem

1114 4349 1160 4418 ab
1174 4341 1341 4420 Ethnica.
1394 4345 1484 4418 Cum
1507 4361 1624 4418 autem
1642 4341 1830 4440 Sophistae
1842 4347 1987 4442 quidam
2015 4371 2102 4416 con-

1114 4451 1280 4534 tendant,
1304 4443 1488 4520 Christum
1504 4475 1600 4522 nunc
1617 4467 1696 4542 post
1711 4449 1931 4542 passionem,
1957 4473 2029 4520 non
2044 4449 2102 4518 in-

1115 4554 1316 4622 vocandum
1340 4575 1435 4636 esse,
1468 4567 1507 4624 ut
1533 4555 1767 4626 Mediatorem
1798 4575 1859 4622 scu
1891 4551 2100 4622 intercesso-

1114 4679 1208 4742 rem,
1242 4655 1301 4724 sed
1324 4666 1463 4724 tantum
1488 4667 1527 4724 ut
1551 4653 1686 4738 Deum,
1724 4655 1884 4724 datorem
1912 4655 2102 4738 bonorum,

1114 4771 1149 4830 et
1173 4757 1304 4830 nolunt
1327 4755 1415 4826 dici:
1458 4751 1530 4826 Fili
1552 4755 1639 4842 Dei,
1665 4753 1821 4828 Domine
1848 4753 1928 4826 lesu
1951 4749 2104 4838 Christe,

1114 4861 1292 4930 intercede
1308 4883 1373 4952 pro
1392 4863 1551 4950 meapud
1569 4873 1751 4932 aeternum
1770 4869 1924 4950 patrem,
1939 4881 2102 4950 propono

1113 4961 1379 5057 quaestionem,
1407 4959 1494 5054 quid
1521 4963 1559 5032 in
1587 4959 1653 5034 hac
1675 4960 1917 5032 controversia
1939 4959 2103 5031 iudican-

1113 5067 1199 5138 dum
1218 5065 1275 5138 sit.
2026 5055 2031 5068 ’

1214 5181 1477 5272 Argumentum
1504 5193 1556 5251 εει
1580 5181 1793 5274 speciosum:
1832 5178 2042 5252 Mediatoris
2070 5196 2103 5252 ει

1113 5285 1355 5358 intercessoris
1373 5283 1529 5356 officium
1546 5285 1699 5376 pertinet
1715 5285 1759 5352 ad
1778 5298 1917 5376 tempus
1932 5285 2105 5356 ohedien-

1113 5391 1182 5462 tiae
1199 5382 1353 5466 Christi,
1387 5408 1501 5480 usque
1521 5389 1564 5456 ad
1590 5386 1900 5460 resurrectionem.
1952 5383 1993 5456 ld
2017 5401 2106 5456 tem-

1112 5517 1180 5588 pus
1195 5489 1390 5586 praeteriit.
1440 5487 1538 5580 Ergo
1554 5511 1651 5560 nunc
1676 5513 1792 5584 neque
1813 5487 2023 5560 intercessor
2046 5503 2108 5574 est,
