4686 6172
96 325 170 405 ιιι
689 319 1113 420 ΟὕΑΕὸΤΙΟΝΕὸ
1147 317 1546 402 ACADEMICAE.
1635 350 1640 362 ι
2061 323 2138 400 00⁰

97 497 187 626 πρὸς
215 493 306 582 τούς
339 493 509 595 dure'pnr.
587 498 687 569 Anni
713 497 1007 596 quadripartitam
1034 497 1091 566 di-
1142 508 1239 588 grata
1257 512 1376 570 mente
1392 499 1567 590 cogitare,
1591 511 1627 570 et
1648 495 1826 568 celebrare
1845 519 1932 568 vore
1946 507 1981 568 et
1995 493 2136 616 scriptis

98 604 322 678 stinctionem
347 615 504 700 quatuor
525 611 726 694 temporum
751 599 958 692 gratissimis
974 600 1090 670 varia·
1143 623 1209 670 nos
1226 604 1337 678 decet.
1727 628 1731 636 ’

95 725 166 782 ιιιιι
190 706 350 792 vicibus,
380 705 570 799 praecipue
594 705 701 776 elficit
722 717 756 774 et
779 715 952 794 temperat
967 725 1089 772 annno
1245 703 1361 794 Ago'
1350 717 1470 796 itaque
1490 700 1621 792 gratias
1641 711 1716 772 toto
1737 714 1881 792 pectore
1900 695 2136 774 numano

95 809 246 882 circuitu
262 807 338 880 Sol.
390 801 647 900 Καιάστασις,
669 828 760 902 quae
772 819 809 876 ct
822 827 973 874 maiores
985 825 1090 892 aens
1141 806 1233 898 patei
1249 803 1396 876 Domini
1414 804 1530 876 nostri
1553 801 1634 876 lesu
1650 798 1786 875 Christi
1803 803 1982 874 conditori
1998 805 2136 897 generis

94 912 330 983 evidentiores
352 905 417 982 και
443 905 761 1004 καθοιικωιὲρας,
802 920 838 978 et
868 907 1024 978 minores
1049 929 1089 977 ac
1143 905 1290 980 humaui
1308 921 1343 980 et
1359 903 1537 978 Ecclesiae
1553 931 1654 988 suae,
1679 903 1773 978 fonti
1789 905 1957 978 etrutori
1972 907 2136 980 omnium

92 1037 212 1086 uranus
227 1037 401 1103 insignes
422 1027 461 1085 ιιι
475 1013 724 1106 particulam,
745 1023 961 1092 menstruas,
986 1009 1089 1078 diur-
1142 1013 1320 1080 bonorum
1342 1024 1376 1082 et
1399 1009 1512 1079 felicis
1534 1033 1575 1080 ac
1594 1009 1767 1080 salutans
1775 1007 2038 1096 medicanunis,
2061 1033 2135 1084 uus

93 1141 173 1202 nas,
193 1112 382 1202 horarias,
413 1130 449 1187 et
471 1139 564 1208 pene
585 1127 850 1184 momentaneas
875 1109 1089 1181 variationes
1141 1137 1221 1182 cnm
1236 1114 1391 1184 filiosuo
1406 1109 1563 1184 Domino
1581 1125 1703 1182 nostro
1718 1109 1797 1182 lesu
1811 1105 1977 1196 Christo,
2006 1137 2070 1206 que
2084 1129 2136 1184 est

93 1171 349 1312 complectitur.
409 1215 473 1288 llla
496 1241 578 1308 ergo
600 1217 681 1286 talis
703 1229 756 1286 est
777 1237 903 1304 magna
930 1227 1088 1306 exparte
1142 1209 1250 1314 λόγος
1271 1241 1332 1288 και
1319 1209 1461 1288 clauis
1479 1216 1606 1307 patris,
1633 1229 1668 1285 et
1685 1209 1913 1307 prolapsuri
1929 1210 2048 1308 ἱκέτης
2067 1239 2135 1284 no-

92 1323 225 1394 avaria
248 1333 283 1392 et
305 1343 391 1410 vaga
408 1321 629 1414 planetarum
651 1319 895 1400 obseratione,
922 1337 1087 1406 congres·
1141 1332 1349 1389 stercorant
1368 1333 1487 1410 patre,
1513 1333 1548 1390 et
1571 1343 1651 1388 cum
1669 1317 1809 1410 Spiritu
1833 1331 1954 1388 sancto
1972 1315 2134 1388 Paracle-

92 1449 203 1520 suque
224 1425 318 1494 inter
339 1445 376 1492 se
397 1425 614 1507 eorumdem,
647 1435 679 1492 et
704 1421 842 1489 diversa
869 1419 1089 1488 coniectione
1141 1436 1197 1505 to,
1231 1436 1347 1512 casto,
1382 1422 1464 1490 vivo
1493 1435 1527 1491 et
1549 1443 1688 1504 verace,
1722 1420 1824 1540 quud
1847 1415 2042 1492 Ecclesiam
2065 1419 2134 1492 sibl

92 1528 386 1621 consertioueque
401 1527 585 1596 radiorum
597 1545 639 1592 er
653 1522 902 1593 differentibus
917 1522 1087 1590 interval·
1142 1525 1234 1592 iuter
1251 1547 1317 1594 nos
1340 1524 1476 1614 colligit
1493 1547 1579 1593 voce
1598 1537 1634 1594 et
1649 1521 1848 1592 ministerio
1864 1519 2052 1612 Evangelii
2069 1523 2136 1606 sui,

91 1632 135 1701 lis
160 1629 406 1700 dissimiliter
396 1643 490 1698 rnter
508 1651 545 1696 se
565 1627 788 1710 collisorum,
813 1635 919 1718 utque
931 1624 1002 1693 ab
991 1647 1087 1694 rner-
1141 1629 1236 1720 quod
1254 1627 1297 1695 ad
1311 1627 1511 1698 societatem
1529 1627 1626 1696 illius
1639 1640 1808 1719 tauquam
1821 1625 1917 1694 cives
1929 1637 1965 1696 et
1973 1625 2134 1696 membra

90 1735 248 1804 rentium
274 1733 380 1802 etiam
407 1745 442 1801 et
475 1730 574 1800 coelo
608 1725 878 1798 adhaerentium
904 1727 1086 1798 stellarum
1141 1749 1207 1797 nos
1228 1729 1369 1800 vocavit
1392 1743 1426 1800 et
1449 1729 1632 1814 adiunxit,
1664 1729 1760 1822 quod
1776 1727 1958 1798 doctrinae
1973 1727 2135 1798 coelestis

89 1849 216 1905 exortu
231 1847 266 1906 et
279 1833 467 1915 desubito,
492 1831 669 1901 luminum
685 1830 870 1924 deliquiis,
898 1829 1087 1900 ardoribus
1139 1832 1341 1902 sincerioris
1357 1845 1390 1902 et
1407 1833 1557 1902 aliarum
1575 1832 1704 1901 artium
1722 1826 1865 1901 utilium
1881 1829 1998 1900 studia
2011 1829 2051 1900 iu
2068 1823 2134 1900 ltus

89 1937 314 2029 flagrantium
344 1949 560 2006 cometarum
591 1946 625 2003 et
656 1949 896 2003 meteororum
929 1933 1087 2002 variante
1141 1931 1330 2004 Academia
1355 1959 1429 2004 uon
1449 1935 1535 2005 sinit
1558 1933 1735 2024 extingui,
1768 1935 1863 2026 quud
1881 1945 1914 2002 et
1935 1945 2134 2004 meetstu-

89 2039 315 2121 diversitate,
349 2059 439 2130 quae
457 2037 492 2105 vi
515 2038 680 2130 syderum
695 2035 895 2106 excitantur
910 2048 945 2105 et
965 2037 1085 2104 discu
1140 2038 1198 2106 «lia
1233 2061 1327 2123 mea,
1368 2051 1403 2108 et
1428 2051 1574 2108 conatus
1599 2037 1637 2106 in
1663 2037 1826 2106 docendo
1854 2060 1892 2105 ac
1922 2035 2133 2106 medicando

88 2143 241 2215 liuntur.
291 2138 491 2210 Haeccum
501 2139 573 2209 sent
585 2139 866 2218 evidentrssrma
892 2151 932 2208 ut
948 2137 1085 2231 reliqua
1141 2135 1310 2210 lrartenus
1332 2137 1422 2210 rexit
1446 2154 1552 2233 atque
1574 2139 1723 2210 adiuvit.
1781 2131 1948 2234 Eumque
1962 2161 2026 2208 oro
2039 2161 2133 2208 vens

89 2243 271 2322 omittam,
306 2237 525 2312 convincunt
546 2233 621 2311 nou
642 2242 888 2331 negligendam
912 2263 986 2310 esse
1006 2240 1086 2309 Me-
1139 2257 1173 2314 et
1188 2242 1398 2313 ardentibus
1415 2243 1623 2333 gemitibus,
1644 2255 1686 2314 ut
1702 2240 1870 2334 demoeps
1888 2241 1996 2312 etiarn
2014 2253 2050 2310 et
2062 2234 2133 2316 hoc

90 2347 172 2416 dieo
209 2365 355 2436 prorsus
383 2337 493 2424 hanc,
531 2345 675 2438 deque
714 2344 851 2429 dixisti,
889 2336 1086 2437 μαντικήν.
1138 2335 1383 2416 doctrinarum
1420 2345 1641 2416 domicilium
1682 2357 1842 2426 tueatur,
1885 2357 1920 2414 ct
1949 2357 2134 2415 comervet

90 2447 162 2518 Sed
190 2441 297 2516 huius
319 2445 389 2513 loci
419 2469 494 2515 non
525 2461 575 2517 cst
603 2441 690 2516 haec
716 2447 890 2540 prolixius
912 2447 1086 2540 persequi.
1139 2443 1224 2517 haec
1246 2471 1309 2518 sua
1332 2450 1445 2532 dona,
1470 2471 1591 2516 vocem
1602 2443 2069 2538 Evangeliiincorruptanr‚
2098 2459 2134 2516 et

88 2549 265 2636 Quare'et
284 2547 484 2618 rationibus
499 2549 658 2631 omissis
684 2561 718 2617 et
737 2549 968 2618 autoritatum
984 2547 1084 2616 testi·
1140 2551 1246 2618 totius
1260 2550 1416 2638 purioris
1428 2543 1681 2641 Philosophiae
1697 2549 1832 2628 studia
1859 2563 1894 2620 et
1906 2562 2022 2620 tutum
2039 2548 2133 2620 vitae

87 2649 240 2730 moniis,
275 2663 309 2721 et
327 2649 489 2739 longiore
509 2650 743 2768 explicatipne
768 2649 943 2740 praecisa,
976 2649 1022 2716 ad
1047 2648 1084 2716 id
1140 2671 1252 2735 meae,
1277 2651 1478 2720 studiorum
1494 2675 1534 2720 ac
1549 2649 1826 2720 medicationum
1841 2672 1983 2719 rursum
2002 2650 2133 2740 gamer·

86 2777 144 2824 rue
161 2763 351 2835 converto
377 2753 475 2848 quod
490 2751 688 2822 ultimum
678 2775 716 2818 ιιι
735 2745 802 2820 hoc
817 2763 897 2820 actu
915 2763 1083 2844 superest
1137 2766 1215 2836 net,
1241 2705 1371 2842 dirigat
1393 2767 1428 2823 et
1442 2755 1619 2838 sortuuet,
1644 2775 1807 2850 meque
1794 2752 1881 2822 velet
1897 2775 1971 2821 esse
1987 2776 2047 2822 vas
2061 2775 2131 2822 ιιιι

189 2853 427 2946 Praecipuum
449 2855 573 2950 quod
563 2879 599 2923 ιιι
624 2849 680 2922 lris
695 2854 940 2943 congressibus
957 2853 1083 2947 publi·
1136 2855 1347 2928 sericordiae
1367 2869 1402 2926 et
1424 2879 1596 2975 organum
1622 2856 1792 2941 salutare,
1822 2868 1863 2926 ut
1885 2867 1919 2926 et
1942 2853 2010 2946 ip'si
2032 2869 2130 2944 grets

87 2981 137 3029 ets
152 2979 294 3049 prorum
309 2967 344 3027 et
357 2958 543 3027 ductorum
557 2953 742 3026 hommum
757 2971 790 3026 et
807 2957 963 3028 ventatrs
978 2971 1083 3050 atquc
1136 2959 1279 3043 faciam,
1305 2971 1341 3029 et
1363 2960 1497 3052 prosim
1515 2958 1664 3029 multis'
1653 2981 1690 3028 ιιι
1713 2951 2130 3046 generehumanoutilia

86 3059 301 3131 concordiae
321 3059 517 3130 amantium
541 3061 618 3130 lieri
642 3061 765 3144 debet,
796 3073 848 3131 cst
863 3061 1019 3152 precatio
1036 3062 1080 3132 ad
1136 3063 1315 3146 docendo,
1341 3077 1375 3134 et
1391 3077 1502 3133 artem
1518 3061 1691 3132 medicam
1705 3059 1881 3131 foeliciter
1894 3059 2071 3132 faciendo.

84 3159 202 3234 Deum
233 3165 361 3232 erdem
392 3185 433 3232 ac
455 3162 564 3248 seria,
597 3175 633 3234 et
651 3163 843 3254 gratiarum
867 3163 979 3242 actio,
1012 3187 1081 3256 qua
1238 3163 1377 3234 Deinde
1399 3166 1528 3258 gratias
1553 3187 1619 3255 ago
1641 3161 1884 3234 lllustrissimo
1904 3161 2066 3256 Principi
2088 3185 2129 3234 uc

84 3268 312 3337 celebrentur
334 3262 522 3348 beneficia,
555 3268 686 3360 quibus
714 3266 886 3335 divinitus
908 3265 1083 3334 allicimur
1135 3265 1310 3354 Domino,
1334 3263 1828 3358 DominollugustoElecturi
1841 3263 2034 3352 Saxoniae,
2054 3263 2129 3336 Du-

82 3383 116 3442 et
144 3368 384 3440 cumulemur.
447 3367 575 3459 lugens
606 3367 757 3438 omuino
778 3365 844 3438 Dei
869 3369 1079 3438 beneficium
1136 3373 1372 3441 minonostro
1386 3369 1694 3454 clementissimo,
1730 3368 1882 3462 quodin
1897 3363 2128 3443 hanccusam

82 3485 160 3554 est,·
187 3472 289 3565 quod
312 3495 387 3540 non
413 3471 528 3542 solum
554 3472 715 3542 condidit
737 3493 848 3562 genus
872 3465 1081 3554 humanum,
1135 3474 1322 3566 praecipue
1345 3473 1540 3555 incumbit,
1572 3497 1662 3568 quae
1684 3472 1874 3563 praecipua
1888 3472 1928 3540 in
1946 3471 2045 3542 omni
2063 3493 2129 3560 gu-

80 3589 115 3648 et
131 3571 218 3646 ltuic
236 3574 394 3645 ostendit
407 3587 499 3646 artes
521 3573 737 3668 multiplices
750 3575 843 3645 vitae
859 3573 1081 3659 necessarias,
1134 3578 1344 3646 beruatioue
1366 3599 1440 3647 esse
1462 3578 1587 3660 debet,
1618 3589 1659 3646 ut
1679 3571 1777 3645 Deus
1797 3588 1892 3646 recte
1905 3587 2128 3663 egumenus,

80 3679 138 3750 sed
162 3677 267 3774 quod
289 3699 365 3746 sese
387 3677 491 3746 etiam
510 3678 689 3768 patelecit,
716 3701 756 3745 ac
773 3678 901 3747 tradita
918 3677 1079 3746 doctrina
1134 3692 1168 3748 et
1184 3693 1276 3750 recte
1289 3681 1427 3750 colatur
1442 3704 1523 3748 vera
1539 3679 1739 3748 obedientia
1756 3691 1791 3748 et
1804 3699 1885 3746 vera
1902 3675 2128 3746 invocatione

78 3779 323 3852 ministerium
349 3777 525 3864 instituit,
555 3804 626 3872 quo
644 3779 780 3868 colligit
798 3793 977 3848 aeternam
995 3775 1080 3846 liae·
1133 3805 1213 3851 cum
1231 3781 1357 3851 liducia
1371 3781 1505 3854 aeterni
1522 3780 1587 3850 lilii
1605 3779 1815 3852 Mediatoris
1829 3775 2127 3867 etRedemptoris

76 3885 271 3956 reditatem
288 3893 433 3952 aeterno
450 3880 542 3951 Filio
559 3879 715 3950 Domino
740 3895 861 3950 nostro
880 3880 957 3950 lesu
972 3877 1080 3950 Chri·
1132 3883 1266 3968 nostri,
1291 3899 1326 3953 et
1336 3883 1401 3954 Dei
1413 3886 1524 3974 gloria
1535 3883 1751 3966 illutretur‚
1776 3893 1811 3952 et
1820 3877 2126 3952 homiueedoctri-

75 4001 138 4062 sto.
191 3980 956 4070 SingulareverolrocDeibeneficiumest,
981 3985 1078 4076 quod
1132 4011 1200 4068 na,
1223 3987 1411 4079 disciplina
1426 4002 1461 4058 et
1474 3987 1611 4077 legibus
1624 3985 1753 4056 exculti
1767 3983 2125 4054 etmansueiactiad-

75 4091 115 4160 in
127 4085 197 4161 bac
225 4080 346 4157 schola
363 4089 523 4159 restituta
544 4088 623 4155 luce
639 4087 817 4170 veritatis,
850 4109 972 4156 noser
990 4089 1077 4156 deu·
1131 4091 1310 4160 ducantur
1323 4091 1366 4160 ed
1384 4088 1522 4170 Deum,
1548 4103 1583 4159 et
1598 4089 1787 4158 assuefiant
1799 4087 1844 4155 ad
1869 4085 1952 4154 fidei
1969 4099 2004 4156 et
2018 4085 2125 4156 iuvo-

80 4193 218 4263 sissima
236 4187 388 4278 caligine
401 4190 618 4260 inveteratae
635 4189 915 4280 superstitionis,
942 4203 977 4259 ct
992 4213 1078 4258 con·
1132 4193 1301 4278 cationis,
1335 4205 1476 4264 sannae
1499 4215 1539 4262 ac
1562 4191 1638 4262 Deo
1660 4189 1833 4284 placentis
1851 4182 2063 4272 honestatis,
2089 4201 2125 4258 et

79 4295 340 4366 lusissimarum
364 4291 575 4383 opinionum
598 4287 808 4360 errabundis
837 4291 999 4371 latebris,
1032 4295 1075 4361 ad
1130 4296 1292 4364 omnium
1314 4295 1454 4385 piarum
1479 4294 1653 4366 virtutum
1675 4292 1792 4364 studia
1820 4289 2123 4384 sequestraretur,

79 4397 177 4468 illius
193 4394 285 4466 lucis
299 4409 525 4512 conspectum
534 4393 844 4488 cognitionemque
858 4395 1018 4474 reduxit,
1043 4409 1078 4464 et
1131 4409 1165 4467 et
1186 4411 1228 4467 ut
1251 4391 1335 4467 haec
1358 4391 1488 4468 Schola
1511 4411 1617 4490 atque
1634 4397 1674 4464 ιιι
1696 4419 1735 4466 ea
1757 4393 1973 4486 optimarum
1991 4391 2122 4464 artium

79 4500 241 4571 excitatis
265 4509 372 4589 atque
393 4493 574 4567 instructis
596 4495 732 4566 idoneis
754 4499 961 4567 custodibus
984 4491 1076 4565 hanc
1129 4501 1264 4584 studia,
1295 4511 1329 4570 ct
1358 4523 1449 4592 quae
1480 4501 1588 4568 semel
1618 4500 1809 4569 constituta
1833 4509 1885 4566 est
1917 4495 2122 4566 docentium

77 4603 175 4674 lovet
201 4621 243 4669 ac
268 4612 452 4668 conservat
469 4620 509 4668 ιιι
536 4594 601 4668 hac
622 4594 742 4669 schola
764 4611 797 4669 et
816 4599 981 4690 plurruus
998 4599 1077 4668 alus
1130 4626 1321 4683 consensu,
1356 4625 1480 4670 noema
1502 4603 1681 4684 veritatis,
1714 4600 1829 4689 vegeat
1843 4621 1882 4668 ac
1898 4611 2122 4688 propagetur

77 4729 159 4776 cum
176 4699 246 4772 bac
262 4699 483 4786 coniunctis
508 4715 541 4772 et
561 4696 626 4771 hos
641 4701 785 4771 urdulos
801 4725 884 4772 suae
897 4699 1076 4772 Ecclesiae
1129 4703 1200 4776 Pro
1226 4706 1356 4797 quibus
1379 4705 1558 4774 beneliciis
1588 4715 1687 4774 tanto
1707 4699 1874 4792 Principe
1895 4697 2122 4788 dignissimis,

75 4807 116 4876 in
141 4802 201 4876 his
222 4801 328 4874 terris
348 4818 472 4874 contra
496 4817 550 4874 tot
565 4803 846 4884 adversationes,
872 4805 1076 4874 molitiones
1129 4821 1163 4878 et
1185 4831 1251 4898 pro
1270 4807 1440 4898 singulari
1473 4829 1552 4898 erga
1577 4829 1633 4876 rue
1658 4805 1843 4876 elementia
1868 4801 2120 4892 gratitudinem

77 4923 112 4980 et
134 4904 397 5000 impetitiones‚
436 4919 557 4976 contra
582 4919 654 4975 tarn
687 4905 909 4976 manifestam
940 4905 1074 4976 rabiem
1130 4907 1391 4980 illustrissimae
1408 4907 1621 4979 Celsitudini
1652 4907 1728 4978 eius
1750 4919 1954 4998 perpetuam
1977 4927 2035 4972 rne
2057 4905 2121 4972 de·

77 5005 271 5082 hominum
288 5005 435 5078 Cainico
456 5009 540 5078 odio
557 5009 669 5078 nostri
692 5008 888 5078 furentium
906 5019 1026 5080 tuetur
1042 5025 1075 5080 et
1128 5011 1211 5082 bere
1226 5011 1394 5103 proliteor
1407 5026 1441 5083 et
1458 5011 1707 5102 praestiturum
1720 5009 1902 5102 polliceor.
1943 5001 1990 5074 Et
2002 5001 2119 5076 Deum

75 5112 245 5205 protegit.
297 5107 375 5180 lloc
391 5111 561 5180 beneficio
577 5133 642 5180 nos
657 5109 967 5202 peculnrrtcheo
981 5113 1075 5182 obli
1128 5139 1210 5200 oro,
1237 5129 1276 5186 ut
1293 5127 1326 5184 et
1341 5139 1455 5206 rpsnm
1468 5113 1748 5184 lllustrrssrmurn
1760 5109 1962 5200 Principem
1977 5103 2119 5180 Electo-

75 5237 206 5305 gamur
220 5211 264 5281 ad
281 5213 473 5302 gratiarum
489 5213 661 5282 actionem
677 5213 948 5304 sempiternam
980 5227 1014 5284 et
1030 5217 1073 5284 ad
1129 5241 1202 5285 rem
1227 5231 1261 5288 et
1282 5210 1671 5312 συμβουλιύταςιιιιι,
1701 5209 2118 5284 acsocioscousiliorum

75 5317 196 5386 acrius
219 5327 325 5408 atque
346 5315 528 5386 ardentius
549 5315 708 5386 studium
727 5315 907 5388 retinendi
930 5341 970 5386 ac
990 5341 1075 5410 pro·-
1128 5333 1162 5390 et
1188 5319 1228 5388 in
1256 5321 1511 5408 gubernatione
1535 5317 1732 5388 Parostatas
1750 5328 1848 5404 regat
1866 5337 1906 5382 ac
1931 5310 2119 5388 custodiat,

73 5415 231 5510 pagandi
260 5417 305 5486 ad
335 5429 493 5509 posteros
511 5418 741 5512 depositum,
772 5443 844 5512 quo
875 5419 979 5488 nobis
1001 5421 1073 5492 frui
1127 5435 1160 5492 et
1182 5421 1317 5492 tribuat
1337 5415 1510 5494 histerris
1528 5421 1716 5492 salutarem
1741 5441 1861 5512 pacem
1879 5413 2117 5486 etsalut'arem

72 5519 298 5592 conceditur.
357 5517 562 5612 Agnoscere
586 5543 669 5614 ergo
701 5513 788 5592 haec
811 5521 998 5610 beneficia,
1039 5537 1074 5596 et
1125 5523 1428 5616 gubernationem.
