4638 6176
73 255 137 382 ui
763 301 1090 387 eremmon
1139 309 1248 398 uro,
1282 310 1362 390 ιιι.

71 481 181 552 Natum
198 468 304 559 mibi,
328 469 535 566 bellumque
548 471 639 544 forte
652 493 822 568 posceret,

71 581 158 650 Ciscs
173 591 209 646 ιιι
224 572 359 647 hostem
376 575 584 646 dimicantes
599 579 734 667 praelio

70 681 294 780 Depellerent,
321 699 407 746 num
423 677 537 748 filium
555 681 678 751 mortis
695 695 793 754 metu

69 781 222 854 Recusem
239 781 278 848 in
294 780 405 848 aciem
421 779 585 850 mittere?
636 781 684 854 At
699 808 784 855 vero
802 781 892 856 mihi

68 883 157 954 Tales
173 905 233 973 ego
252 893 335 974 opto
352 881 463 966 filios,
490 881 553 974 qui
569 883 711 955 fortiter

67 981 103 1056 Et
120 986 351 1078 praelientur,
372 997 407 1054 et
424 983 537 1053 velint
553 986 722 1058 excellere

68 1085 153 1157 Inter
167 1088 258 1156 viros
276 1087 406 1154 virtute
422 1086 507 1155 clari
528 1101 694 1172 caeteros,

66 1189 124 1258 Nec
140 1189 203 1258 sint
220 1189 256 1256 io
274 1190 361 1257 urbe
378 1211 441 1257 ceu
457 1187 588 1278 figurae
604 1189 760 1276 inutiles,
793 1267 796 1276 ,

67 1289 127 1360 dut
142 1291 227 1383 picta
245 1315 308 1362 ceu
324 1287 539 1359 simulachra
555 1293 704 1382 parietes
721 1309 854 1370 tenent.

66 1391 122 1462 Sed
135 1417 230 1484 saepe
245 1407 398 1465 matrum
411 1387 604 1464 lachrimae
619 1419 699 1466 cum
709 1397 782 1466 titii

66 1491 156 1564 Arma
173 1490 343 1579 induunt,
370 1493 507 1588 animos
523 1519 647 1564 eorum
663 1499 903 1569 effoeminant.

65 1591 180 1666 llarum
197 1596 347 1667 eiulatus
362 1609 467 1690 atque
482 1597 606 1666 mollia
626 1614 766 1687 pectora

67 1693 132 1766 Nou
152 1700 271 1780 laudo,
299 1687 430 1793 quibus
446 1699 570 1789 ignava
589 1699 660 1770 vita
676 1697 819 1772 charior

66 1793 117 1869 llst
131 1800 296 1886 tiliorum,
321 1825 427 1896 quam
445 1804 550 1871 decus
566 1798 856 1892 pulcherrimum.

66 1895 103 1969 Et
119 1927 199 1996 qnae
214 1904 285 1973 suis
303 1905 451 1978 suadere
469 1905 728 1995 turpitudinem

66 1999 207 2090 dudem,
229 1999 368 2076 honore
384 2031 449 2076 nec
464 2001 662 2098 sepulchri,
683 2022 717 2080 et
735 2012 867 2101 posteri

66 2099 237 2179 Moventur
252 2111 511 2202 adprobatione
525 2109 648 2194 seculi,

66 2203 157 2292 Quod
174 2213 346 2301 praedicat
363 2211 529 2284 virtutem
549 2235 673 2280 eorum
689 2211 856 2285 laudibus

66 2303 158 2378 Veris
171 2327 201 2383 et
215 2314 499 2398 immortalibus,
525 2316 586 2400 qui
607 2315 755 2404 patriam

66 2402 108 2480 Ει
122 2416 235 2507 templa
252 2430 456 2506 protexere,
483 2439 547 2485 nec
564 2417 689 2485 nrortis
706 2433 800 2488 metu

66 2507 191 2584 Cessere
206 2519 335 2588 nostris
350 2512 533 2598 hostibus,
562 2543 626 2586 nec
642 2520 851 2608 sanguinem

67 2609 231 2711 litemque
247 2621 461 2691 dubitarunt
475 2645 573 2691 suam
592 2622 819 2712 profundere.

66 2709 105 2785 Et
118 2719 201 2790 filiae
217 2741 359 2794 nostrae
374 2725 494 2793 futura
509 2737 564 2793 est·
576 2723 690 2813 gloria

66 2815 219 2910 heterna,
243 2815 271 2896 si
288 2849 355 2918 pro
371 2825 485 2916 patria
501 2839 650 2894 mortem
668 2831 824 2917 oppetat,

67 2916 286 3022 Geminasque
304 2929 459 2999 servabit
477 2951 614 2996 sorores
631 2929 747 2996 unica.

66 3021 196 3096 Credam
214 3055 296 3121 ergo
316 3044 477 3119 gnatam,
504 3044 543 3100 ut
559 3031 618 3098 liat
637 3025 751 3099 hostia
768 3031 914 3103 civibus.

67 3123 131 3196 Non
147 3131 221 3200 dico
237 3135 336 3202 carim
356 3156 429 3201 esse
446 3132 588 3224 proprie
605 3132 711 3201 unius
726 3141 850 3220 meam,

65 3223 128 3298 hisi
143 3239 232 3325 quod
251 3261 293 3305 ex
313 3235 393 3304 alvo
410 3257 485 3302 mea
502 3257 564 3303 oeu
583 3234 742 3324 plantula

65 3327 138 3402 Nata
154 3350 213 3409 est.
266 3335 422 3408 Aturbe
438 3339 573 3427 perdita
590 3337 696 3435 simul
713 3338 832 3409 omnia

65 3428 168 3506 Perire
183 3462 319 3535 nosque
333 3439 534 3532 liberosque
550 3462 744 3508 cernerem.

65 3533 122 3606 Sed
139 3541 276 3616 dixeris.
327 3535 492 3611 Extincto
509 3541 539 3610 si
555 3541 599 3610 sit
612 3541 695 3622 filia,

64 3633 123 3708 Nos
137 3667 202 3711 arna
219 3645 258 3714 in
276 3644 366 3712 arbe
385 3657 521 3735 sceptra
538 3644 666 3714 deiude
683 3643 855 3732 amittere.

66 3737 137 3811 Esto
155 3747 265 3818 ferent
283 3759 324 3815 ut
341 3745 431 3830 iata,
454 3746 561 3838 stirps
580 3761 664 3816 tunc
679 3745 788 3814 altera

64 3837 98 3912 ln
112 3849 193 3916 urbe
208 3864 331 3918 nostra
349 3847 543 3940 principem
561 3860 677 3919 teneat
700 3849 829 3919 locum.

64 3944 209 4019 Servasso
226 3950 378 4043 patriam
394 3952 507 4019 maius
524 3963 575 4020 est
591 3972 699 4038 regno
715 3949 837 4018 decus:

62 4043 208 4146 Denique
227 4053 392 4124 voluntas
408 4065 500 4121 recta
518 4053 564 4122 sit
582 4055 676 4144 quod
696 4073 880 4142 possumus

64 4143 248 4236 Praestare,
275 4155 413 4244 legibus
428 4153 510 4224 volo
534 4152 762 4226 sanctissimis

63 4249 196 4342 Parere,
219 4283 284 4326 nec
301 4255 434 4326 violare
450 4279 507 4326 eas
525 4257 642 4325 sciens
659 4255 778 4327 velim.

60 4347 99 4424 Et
113 4357 252 4430 interim
272 4361 372 4428 fruar
386 4357 489 4428 bonis
504 4359 781 4437 communibus„

61 4451 179 4547 Legum
196 4463 344 4545 ordine,
365 4473 468 4553 atque
485 4461 672 4552 disciplina
688 4460 832 4544 civium,

61 4553 148 4644 Quae
166 4589 221 4634 me
235 4565 377 4634 volente
393 4563 513 4632 nullus
530 4557 587 4632 hic
603 4561 784 4646 deleverit,

60 4657 129 4732 Nou
146 4670 228 4736 sede
242 4679 392 4734 stantem
409 4662 589 4734 Palladem
606 4663 816 4744 firmissima,

59 4757 234 4863 Lassaque
250 4767 420 4839 terrificos
437 4779 614 4837 tenentem
631 4763 811 4854 Gorgonis

61 4861 192 4958 Angues
211 4869 387 4952 movebit,
413 4881 473 4938 aut
488 4869 533 4937 ab
549 4865 677 4938 Arctoa
693 4868 795 4958 plaga

59 4962 275 5064 Eumolphus
288 4967 359 5041 huc
373 4971 563 5038 exercitum
580 4973 710 5040 ducent
725 4971 851 5058 lerum,

58 5065 119 5140 Aut
139 5075 310 5144 barbarae
329 5072 443 5162 gentis
457 5071 558 5142 t'uror
571 5067 843 5144 Thracensium.

57 5167 102 5242 lte
118 5169 228 5247 hostis
244 5171 302 5246 hic
316 5169 485 5266 trophaea
503 5173 583 5262 figet
599 5176 747 5264 uspiam,

56 5269 171 5346 Nullos
187 5271 390 5370 triumphos
404 5271 462 5345 hic
480 5291 577 5364 aget,
601 5299 667 5344 nec
683 5277 803 5345 laurea

58 5371 202 5449 Victrice
215 5380 372 5470 glorians
388 5378 538 5470 superbe
553 5377 751 5448 ornabitur.

56 5471 231 5567 Concedo,
257 5483 350 5552 cives
365 5480 545 5550 uictimam
561 5473 646 5550 hinc
662 5477 841 5564 abducite,

98 5585 274 5662 Mensura.
300 5587 405 5654 Orsa.
430 5585 516 5654 Vos.
540 5583 590 5652 X·

1066 4267 1324 4306 'vm

1088 479 1135 554 Ut
1145 485 1246 554 'salva
1264 485 1310 556 sit
1325 485 1520 582 victrixque
1537 503 1659 564 nostra
1674 493 1802 584 patrie.

1085 583 1176 654 Nam
1195 587 1286 656 filiae
1302 587 1395 660 vitae
1411 589 1560 660 salutem
1578 593 1769 684 publicam,

1086 684 1238 776 lrnmota
1256 702 1323 760 stat
1340 693 1532 778 sententia,
1558 709 1784 786 anteponere.

1086 783 1122 856 0
1139 791 1253 880 patria
1270 792 1405 864 utinam
1423 795 1573 885 diligant
1589 812 1624 869 te
1638 799 1771 888 singuli

1084 887 1207 975 Cives,
1234 907 1272 964 ut
1290 889 1357 964 hoc
1375 898 1475 967 ardet
1492 888 1609 968 meuni
1623 916 1746 990 pectus
1761 903 1814 972 tui

1009 1025 1018 1040 ·
1083 993 1218 1063 Amore
1234 1019 1334 1084 vero,
1361 998 1390 1066 si
1407 999 1573 1068 voluntas
1588 1002 1790 1096 principum

1085 1093 1184 1166 Talis
1200 1098 1309 1182 iuret,
1336 1101 1568 1194 tranquillior
1585 1119 1694 1174 status
1713 1119 1795 1177 tuus

1083 1195 1268 1285 Maneret,
1295 1214 1327 1270 ct
1346 1215 1462 1272 motus
1479 1206 1691 1276 domesticos
1709 1209 1794 1277 mali

1083 1296 1185 1368 Ciere
1206 1325 1277 1370 uon
1296 1319 1457 1393 possent,
1483 1320 1518 1376 et
1532 1300 1648 1377 hostes
1667 1321 1805 1382 exteros

1083 1397 1215 1472 Arcere
1234 1418 1349 1495 posset
1366 1408 1527 1480 omniurn
1547 1411 1747 1482 concordia.

1088 1607 1286 1628 ..ι-..ΨΑ

1082 1737 1149 1810 Νο.
1167 1743 1254 1814 222.
1799 1761 1830 1827 6.
1853 1757 1920 1825 Ino.
1948 1765 2044 1840 1546.

1091 1839 1262 1867 ⁷0⁴⁹
1758 1859 2074 1903 m

1151 1956 1263 2011 Editum
1282 1977 1313 2012 ez
1331 1957 1498 2028 autographo
1509 1959 1537 2012 in
1551 1957 1674 2014 Hedtelir'
1690 1981 1785 2034 progr.
1797 1969 1952 2040 „fitium
1970 1985 2019 2036 ens
2033 1957 2075 2040 bag

1184 2032 1240 2093 zett
1258 2029 1299 2086 ιιι
1317 2029 1495 2094 ιιιιιιιιιιιιιιι
1517 2031 1580 2088 atter
1605 2033 1644 2089 ιιι
1662 2031 1829 2106 &tortorum
1855 2051 1927 2108 nutet
1945 2046 2077 2112 aaaron

1187 2099 1295 2178 ιιιιιιιι,
1322 2098 1389 2166 ιιιιιι
1412 2100 1509 2166 anteco
1528 2102 1707 2170 unestrudtcn
1726 2106 1832 2178 §ndstra
1849 2113 2076 2186 Dtetcmbtbmtfl⁸

1187 2165 1488 2306 gnz‘qnqhoqqsssffirqd
1506 2187 1533 2242 p.
1549 2172 1593 2226 20.
1630 2173 1724 2246 (Apud
1746 2175 1922 2236 Vincendum
1940 2183 1994 2242 bos
2011 2205 2074 2244 cer·

1522 2393 1655 2473 1546.

1085 2537 1250 2630 Moenia,
1278 2572 1368 2641 quae
1384 2561 1515 2619 vestras
1531 2551 1754 2628 circumdant
1771 2553 1872 2633 Iona
1888 2564 2040 2659 Salinas,

1137 2641 1206 2714 vix
1220 2650 1402 2721 delassatis
1416 2675 1542 2722 currus
1559 2655 1673 2727 adibit
1689 2659 1797 2752 equis,

1084 2743 1189 2818 Tunc
1204 2755 1347 2844 quando
1362 2751 1551 2844 Hesperias
1568 2749 1733 2830 Phoebus
1749 2763 1889 2836 labetur
1903 2768 1941 2840 in
1957 2777 2073 2848 undas

1135 2843 1298 2946 Cumque
1315 2851 1434 2926 lovem
1452 2856 1650 2946 Aegoceros
1664 2862 1701 2930 in
1719 2889 1816 2936 mare
1831 2882 1953 2945 torvus
1976 2891 2072 2969 eget;

1084 2947 1310 3048 Pulchraque
1326 2958 1396 3027 ism
1409 2959 1550 3028 rediens
1564 2965 1742 3036 nascentia
1753 2991 1884 3042 cornua
1900 2979 1944 3046 ed
1955 2974 2073 3053 Euros

1136 3052 1273 3127 Hausto
1290 3072 1471 3144 convertet
1487 3061 1623 3134 lumine
1636 3063 1737 3138 Luna
1753 3093 1866 3144 noso.-

1083 3153 1196 3252 Cuius
1210 3174 1250 3228 ut
1265 3163 1436 3253 adspicies
1452 3164 1597 3234 formosi
1615 3167 1739 3239 sideris
1754 3195 1816 3246 ore

1136 3258 1239 3332 Talia
1253 3265 1400 3336 adorato
1416 3263 1525 3334 dicito
1543 3269 1648 3338 verba
1663 3267 1757 3342 Deo:

1085 3357 1225 3453 Indiga,
1252 3365 1330 3436 luce
1346 3367 1398 3438 tui
1418 3367 1558 3456 perfusa
1573 3365 1730 3444 Ecclesia
1747 3379 1856 3466 gnati,

1135 3461 1261 3556 Fulget
1274 3483 1348 3539 uta
1365 3463 1512 3540 Phoebo
1527 3471 1662 3544 lumina
1680 3475 1766 3548 luna
1782 3476 1902 3556 trahit.

1037 3653 1038 3660 ἵ
1084 3561 1183 3654 Ergo
1199 3569 1268 3636 tuis
1284 3571 1392 3642 radiis
1407 3571 1545 3642 illustra
1562 3588 1702 3664 pectora
1719 3593 1851 3662 nostra,

1136 3667 1172 3739 0
1186 3667 1328 3743 Christe
1343 3673 1477 3744 aeterni
1493 3689 1596 3765 gnate
1614 3690 1647 3746 et
1663 3679 1777 3772 imago
1797 3685 1918 3776 patris.

1165 3817 1241 3888 (dlis
1258 3838 1342 3874 rnenu
1354 3821 1522 3895 adscriptum
1536 3834 1591 3878 est:
1608 3823 1646 3878 In
1660 3825 1830 3895 Eoipbunr‘r's
1842 3832 1986 3912 nomas)

1081 4031 2071 4068 --.------..-....-..,-,,

1111 4167 1176 4243 Νο.
1203 4174 1292 4248 223.

1715 4276 2072 4332 »αι-νη..-

1153 4384 1235 4456 Apud
1245 4385 1421 4442 Vincendum
1435 4407 1461 4458 p.
1474 4389 1518 4448 75.
1532 4418 1569 4432 -
1605 4393 1787 4464 Apogrspbou
1802 4397 1831 4450 in
1846 4397 2000 4461 assoon.
2012 4407 2068 4466 ιιι.

1189 4473 1214 4524 p.
1236 4451 1308 4513 89¹².
1341 4456 1388 4508 ubi
1408 4458 1569 4514 Melantbon
1591 4461 1692 4514 dicitur
1712 4463 1764 4518 hoe
1784 4483 1894 4522 armen
1915 4469 2013 4533 {coisse
2038 4479 2069 4532 in

1188 4522 1370 4592 lauritium,
1389 4525 1495 4581 Ducem
1507 4525 1657 4602 Senoniae,
1681 4530 1786 4586 bellum
1799 4533 1960 4594 inferentem
1974 4537 2069 4602 losoni

1186 4593 1344 4654 friderico.
1362 4595 1491 4650 Electorl.

1308 4755 1369 4826 De
1385 4729 1569 4830 menam
1583 4753 1661 4857 filio
1675 4759 1848 4836 Dour‘dr's.

1082 4917 1245 5010 Degener
1260 4921 1438 4994 immerito
1452 4924 1601 5016 rapuisti
1618 4940 1751 5018 sceptra
1768 4933 1917 5022 parenti,

1133 5019 1170 5094 Ο
1191 5023 1328 5094 iuvenis
1343 5027 1476 5116 patriae
1493 5027 1599 5118 pestis
1615 5031 1738 5100 acerba
1757 5046 1849 5104 tuae.

1081 5121 1198 5214 Digna
1214 5125 1286 5196 tuis
1302 5121 1448 5220 lactis‘)
1464 5131 1523 5198 sed
1542 5153 1655 5220 poena
1673 5146 1807 5220 secuta,
1833 5153 2016 5230 vagantem

1134 5227 1338 5300 Frondibus
1352 5229 1509 5300 arboreis
1522 5231 1729 5326 implicuere
1743 5257 1874 5312 comae.

1084 5401 1299 5414 —n—

1115 5488 1149 5564 *ι
1169 5489 1239 5550 coe
1252 5489 1337 5548 osu.
1356 5488 1419 5636 11⁴3·
1423 5491 1545 5634 διοιμιι.

1731 4205 1861 4253 exeunte
1885 4211 1935 4262 sn.
1960 4195 2057 4270 iseo.
2172 4189 2179 4202 ’
