4686 6172
245 279 320 356 ssa
836 264 1265 368 Quausr1ones
1296 271 1700 355 translucere
2183 291 2240 376 a.

350 449 430 544 Ago
458 451 568 522 &am
598 449 729 543 gratias
758 445 1071 526 Reverendissisno
1099 464 1135 524 et
1158 447 1248 524 lllu-
1271 448 1277 492 l
1300 449 1448 522 nornine
1470 473 1569 536 meo,
1601 451 1640 523 in
1662 451 1780 524 medio
1803 475 1926 532 eonem
1948 472 2035 533 sum.
2066 452 2243 536 *flauam

250 555 424 631 strissimo
438 552 601 646 Principi
615 577 655 624 ae
669 551 851 638 Domino,
875 550 1033 624 Domino
1048 553 1250 644 Sigismun-
1301 566 1342 626 ut
1365 553 1411 624 sit
1433 553 1527 624 inter
1551 577 1617 624 nos
1640 553 1888 634 benevolentia
1910 569 2072 648 perpetua
2098 572 2129 630 et
2145 581 2245 646 erasm

248 663 299 734 do
320 653 600 750 Archiepiscopo
623 653 942 746 Magdeburgensi,
979 654 1130 728 Primati
1155 655 1250 728 Ger·
1301 670 1407 750 atque
1422 656 1668 738 confirmetur,
1699 657 1816 751 sitque
1832 657 1976 730 initium
1992 655 2083 730 illins
2097 668 2243 739 acteroiu

243 761 391 835 maniae
408 774 474 832 etc.
500 760 598 854 qnod
613 757 839 830 festivitatem
860 752 954 830 benc
968 758 1250 832 renunciationis
1300 757 1483 832 laetissimi
1506 758 1727 850 complexus,
1753 785 1830 854 quo
1846 762 2006 835 fruemur
2026 761 2063 844 in
2076 763 2247 854 alterarits,

246 887 350 938 eneae
365 861 536 934 celebrari
552 880 572 932 a
588 861 787 932 recoluerit
801 885 866 952 per
875 859 1002 932 Virum
1013 861 1248 936 clarissimum
1301 860 1375 930 veri
1392 860 1606 954 perfectique
1622 873 1657 932 et
1674 861 1791 934 divini
1808 875 1842 934 et
1856 864 1973 934 mutui
1993 865 2246 942 amoenamus

249 967 298 1041 D.
319 959 484 1039 Paulum
505 956 751 1035 Praetorium.
801 961 872 1034 Pro
896 989 965 1058 qua
989 977 1062 1036 tem
1083 963 1250 1036 clementi
1300 964 1483 1040 ardentes.
1516 963 1555 1030 in
1581 979 1773 1056 conspectu
1797 965 1863 1036 filii
1884 963 1954 1038 Dei
1983 979 2018 1037 et
2036 973 2249 1042 consuetudine

249 1071 435 1142 voluntate
455 1091 537 1160 erga
557 1091 632 1154 sne,
665 1064 880 1143 Celsitudiui
905 1067 1017 1160 ipsius
1041 1067 1250 1138 memoriam
1300 1063 1480 1136 Ecclesiae
1495 1066 1672 1152 coelestis,
1697 1066 1934 1154 faciatDeus,
1958 1069 2019 1162 qui
2035 1083 2082 1142 est
2096 1072 2249 1144 dilectioct

249 1187 288 1246 et
302 1172 554 1265 gratitudinem
571 1170 821 1260 sempiternam
835 1171 1018 1262 promitto.
1063 1169 1249 1263 lpsietiem
1301 1169 1382 1238 fons
1395 1168 1617 1238 concordiae.

251 1274 343 1346 Viro
357 1275 553 1345 clarissimo
564 1270 610 1347 D.
626 1270 739 1342 Paulo
755 1269 958 1359 Praetorio,
979 1285 1012 1344 et
1029 1275 1178 1363 gratiam
1193 1296 1250 1345 me
1402 1267 1555 1340 Easdem
1577 1269 1707 1360 gratias
1732 1273 1834 1344 vobis
1857 1296 1922 1364 ago
1945 1271 2136 1356 Reverendi
2156 1289 2184 1346 et
2198 1277 2249 1346 cla

248 1381 383 1452 debere
405 1377 572 1470 profiteor
603 1387 640 1446 et
664 1374 925 1446 declaraturum
959 1375 1112 1468 recipio,
1152 1377 1249 1470 quod
1302 1371 1433 1444 rissimi
1450 1373 1516 1442 viri
1534 1370 1874 1449 Dominilloctores
1895 1390 1930 1446 et
1951 1371 2157 1450 Professores
2172 1373 2249 1448 huius

253 1479 319 1574 pro
341 1480 453 1552 veteri
471 1477 733 1548 necessitudine
757 1489 879 1548 nostra
901 1477 997 1548 inter
1018 1501 1174 1550 summas
1189 1503 1250 1548 oc·
1301 1488 1444 1548 nostrae
1465 1471 1678 1549 Academiae
1701 1477 1877 1563 universi,
1901 1476 2141 1572 Praeceptores
2160 1479 2250 1550 etcol·

251 1583 459 1678 copationes
474 1575 604 1651 honori
626 1593 662 1652 et
675 1579 926 1652 existimationi
942 1603 1042 1650 meae
1056 1575 1149 1651 hauc
1166 1603 1251 1674 ope-
1300 1578 1397 1668 legae
1419 1592 1587 1670 perpetua
1612 1580 1839 1651 observantia
1861 1581 2022 1666 colendi,
2046 1593 2079 1652 et
2098 1581 2158 1652 riri
2168 1580 2250 1650 Nobi·

249 1707 329 1758 ram
352 1687 453 1771 dare,
484 1699 520 1756 et
534 1679 603 1754 boc
619 1681 736 1753 officio
752 1683 925 1754 adventus
945 1683 1000 1752 sui
1024 1682 1160 1754 efficere
1175 1707 1250 1754 nou
1300 1680 1352 1752 les
1366 1695 1472 1773 atque
1487 1681 1593 1750 amici
1608 1683 1753 1766 caeteri,
1773 1683 1835 1775 qui
1850 1677 2078 1754 honorismei
2093 1706 2180 1754 causa
2190 1707 2250 1754 coo·

244 1789 300 1862 ‘sit
322 1802 507 1880 paratus,
535 1800 576 1856 ut
600 1779 687 1856 haec
710 1784 881 1856 festivitas
902 1797 936 1856 et
958 1779 1045 1856 haec
1061 1787 1249 1856 doctorum
1302 1782 1467 1872 venistis,
1501 1807 1580 1854 cum
1605 1786 1650 1854 de
1671 1784 1751 1857 aliis
1772 1785 1953 1866 beneflciis
1975 1786 2114 1870 vestris,
2142 1799 2203 1856 tum
2221 1785 2249 1852 de

252 1888 443 1964 hominum
465 1911 597 1960 corona
619 1889 665 1958 ab
687 1887 764 1979 ipso
786 1888 892 1958 etiam
907 1885 1064 1973 auctior,
1090 1888 1251 1961 ornatior
1301 1886 1429 1956 eximia
1455 1899 1489 1956 et
1512 1888 1686 1960 constanti
1709 1887 1977 1972 benevolentia,
2003 1913 2107 1982 quam
2121 1885 2249 1977 singulari

252 2008 288 2066 et
304 1993 480 2072 illustrior
495 1993 713 2062 redderetur.
1302 1983 1523 2060 humanitate
1545 1989 1748 2062 declarastis
1767 2004 1803 2062 et
1823 1991 2049 2081 praestitistis
2071 1984 2249 2060 mibimnltis

356 2095 501 2167 liabitas
515 2092 767 2183 etiamgraties
781 2115 845 2182 ago
855 2089 1047 2181 Magnifice
1062 2089 1250 2166 D.Recto-
1301 2089 1417 2162 annis.
1471 2088 1575 2164 Hanc
1598 2106 1639 2164 ut
1662 2093 1844 2165 retineatis
1861 2117 1941 2184 erga
1968 2117 2045 2176 me,
2070 2111 2247 2187 quaposnue

251 2201 307 2286 ri,
328 2212 365 2270 et
379 2196 526 2292 lnolytis
548 2219 588 2265 ec
605 2192 798 2265 Generosis
813 2191 981 2264 Dominis
1000 2193 1202 2266 Comitibus
1217 2209 1251 2265 et
1303 2192 1533 2264 contentione
1555 2207 1648 2284 peto.
1706 2190 1784 2286 Ego
1805 2205 1847 2266 ut
1867 2197 1979 2276 semel
1992 2195 2242 2282 collectauetque

252 2301 476 2384 Beronibus,
511 2311 546 2370 et
559 2295 757 2367 Nobilitate
779 2319 819 2366 ac
844 2295 974 2368 virtute
990 2297 1251 2390 praestantibus
1302 2296 1465 2386 adeptam
1498 2319 1573 2366 non
1601 2311 1732 2368 temere
1751 2298 1953 2383 effundam,
1989 2299 2055 2369 sed
2079 2299 2160 2368 elau
2174 2305 2240 2384 atque

252 2403 457 2496 hospitibus
484 2399 648 2479 caeteris,
684 2397 850 2493 quicum
877 2399 921 2468 ad
955 2393 1021 2470 hos
1043 2422 1250 2488 congressus
1302 2416 1447 2486 augeam
1471 2398 1572 2468 omui
1598 2420 1679 2488 erga
1703 2424 1766 2470 vos
1786 2393 2245 2482 officiorum-econamum

244 2502 481 2578 ¹scholasticos
505 2503 696 2588 accedunt,
727 2513 902 2570 testantur
926 2523 962 2570 se
985 2516 1020 2572 et
1040 2502 1249 2594 dignitatem
1300 2521 1446 2590 genere,
1474 2499 1588 2570 enitar
1599 2501 1736 2576 sedulo.
1787 2497 1835 2574 Et
1851 2525 1982 2595 precor,
1991 2504 2127 2586 Deum,
2147 2491 2249 2569 utba

252 2611 440 2684 literarum
455 2605 675 2696 intelligere,
700 2618 735 2675 et
751 2598 815 2673 has
836 2603 1071 2694 magnifacere
1085 2627 1126 2674 ac
1140 2628 1248 2676 vene-
1302 2601 1591 2674 coniunctionem
1608 2605 1811 2674 animorum
1829 2606 2003 2680 internos
2018 2598 2250 2681 etcencerditm.
2297 2631 2298 2644 ¹

251 2713 344 2798 rari,
371 2725 406 2782 et
420 2712 538 2780 favere
559 2701 710 2806 scholae
727 2719 762 2778 et
776 2701 954 2778 Ecclesiae
974 2719 1134 2790 nostrae,
1160 2730 1250 2800 quae
1302 2717 1337 2775 et
1358 2699 1451 2774 banc
1475 2707 1520 2774 de
1542 2729 1622 2776 vera
1640 2708 1810 2778 doctrina
1836 2708 1903 2778 filii
1925 2705 1999 2780 Dei
2019 2693 2250 2780 consensionem,

251 2811 455 2886 humanitas
474 2809 683 2900 dignissima
698 2823 750 2880 est
763 2809 932 2880 omnibus
951 2808 1013 2894 iis,
1040 2809 1102 2901 qui
1119 2808 1251 2880 illustri
1302 2825 1372 2902 qua
1387 2807 1471 2877 nisa
1488 2821 1523 2880 et
1543 2808 1631 2878 fulta
1657 2805 1743 2880 baec
1766 2804 1897 2884 Schola
1920 2806 1995 2882 Dei
2018 2797 2215 2904 providentia
2231 2811 2251 2866 tl

252 2915 332 2988 lo'co
347 2915 537 2998 necisum,
558 2925 593 2983 et
606 2913 652 2982 ad
668 2912 786 3006 aliqua
801 2933 1021 2982 summarum
1036 2910 1250 3001 dignitatum
1301 2909 1550 3001 procuratione
1578 2903 1751 2982 hacteuus
1774 2913 1934 2986 constitit
1959 2928 1998 2988 et
2023 2911 2156 2994 floruit,
2188 2923 2250 2974 nun·

251 3017 393 3109 fastigia
413 3016 544 3088 virtute
568 3027 604 3085 et
624 3015 731 3086 rebus
756 3013 847 3084 bene
868 3013 1112 3108 foeliciterque
1136 3013 1251 3104 gestis,
1301 3035 1408 3105 quam
1424 3010 1518 3084 sinat
1533 3014 1671 3086 turbari
1688 3029 1749 3088 aut
1766 3015 1925 3089 dissolvi.

253 3119 500 3195 escenderunt.
1405 3112 1492 3184 Tibi
1515 3139 1599 3185 vero
1621 3117 1720 3186 omni
1735 3118 1833 3188 cultu
1853 3119 2078 3190 reverentiae
2095 3107 2252 3204 dignissime

245 3263 254 3272 ·
356 3221 471 3293 Vobis
486 3244 568 3290 vero
578 3216 783 3291 Reverendi
796 3229 832 3288 et
846 3216 1034 3310 clarissimi
1050 3214 1148 3301 Viri,
1174 3217 1251 3309 pie-
1302 3213 1458 3286 Domine
1482 3213 1655 3302 Patrone,
1694 3217 1924 3312 Praeceptor,
1959 3220 2096 3294 Pareae
2120 3231 2151 3288 et
2172 3212 2253 3286 Soter·

252 3341 344 3409 tate,
377 3321 548 3413 dignitate
569 3336 604 3393 et
628 3321 792 3393 doctrina
815 3333 1048 3412 praestantes,
1078 3316 1251 3392 Ductores
1302 3318 1432 3412 quibus
1448 3320 1565 3388 verbis
1578 3343 1678 3411 agam
1694 3323 1840 3410 gratias,
1867 3325 1928 3418 qui
1942 3325 2014 3410 tibi
2028 3325 2137 3396 debeo
2150 3307 2253 3388 omnia?

251 3444 292 3501 et
324 3425 546 3498 Professores
578 3419 791 3494 Academiae
830 3421 1012 3514 Lipsicae,
1054 3433 1090 3494 et
1123 3421 1251 3494 caeteri
1302 3417 1414 3492 Cuius
1430 3420 1562 3510 pietas,
1592 3424 1786 3514 sapientie,
1812 3427 1926 3497 virtus
1943 3442 1979 3500 et
2002 3420 2255 3498 doctrinaitene

255 3531 431 3604 Doctores
451 3542 557 3621 atque
577 3525 736 3596 amiciet
762 3525 914 3596 maiores
937 3523 1006 3594 mei
1027 3547 1107 3594 curn
1128 3525 1251 3594 obser·
1302 3523 1485 3606 instruxit,
1513 3538 1553 3594 ut
1569 3526 1775 3618 affinitatem
1792 3542 1949 3600 nostram
1968 3545 2092 3623 postea
2111 3547 2175 3596 non
2190 3515 2253 3588 refu

253 3633 377 3706 vantia
392 3628 552 3713 colendi,
569 3641 604 3700 et
618 3627 685 3699 tibi
699 3627 865 3719 inprimis
873 3619 1064 3698 Ioaclsr'me
1072 3617 1251 3698 Camera-
1302 3624 1405 3714 geris.
1465 3623 1563 3698 Haec
1591 3628 1767 3700 institutio
1790 3644 1825 3702 et
1850 3635 2074 3704 consuetudo
2091 3647 2163 3714 toa,
2183 3639 2255 3714 qun

257 3737 328 3822 rie,
354 3759 459 3828 quem
472 3745 507 3802 et
518 3753 602 3821 ego,
625 3744 666 3802 ut
680 3729 756 3800 beri
771 3731 913 3816 debuit,
938 3729 1048 3820 patris
1060 3730 1138 3800 loco
1153 3754 1250 3800 sum-
1302 3729 1455 3798 affinitas
1482 3743 1602 3820 postea
1636 3746 1853 3826 consequuta
1885 3748 1959 3820 cst,
1999 3759 2104 3806 causa
2133 3721 2207 3800 mibi
2223 3727 2256 3786 etl

255 3859 314 3909 ma
330 3859 470 3927 semper
484 3834 713 3906 veneratione
730 3833 845 3918 colui,
877 3845 1006 3904 etcum
1023 3831 1249 3922 patriacum·
1303 3830 1465 3915 omnium
1493 3831 1768 3919 beneficiorum,
1806 3860 1898 3928 quae
1925 3862 1946 3908 a
1977 3834 2059 3910 Deo
2092 3836 2173 3904 vites
2191 3841 2257 3894 meae

253 3941 359 4012 muni
389 3936 605 4020 Germania,
644 3957 767 4006 ornnes
800 3948 937 4006 exterae
971 3933 1133 4004 nationes
1165 3959 1251 4004 vero
1303 3957 1466 4004 concessa
1489 3948 1592 4019 suut,
1624 3949 1659 4005 et
1680 3951 1763 4007 suut
1784 3939 1960 4024 maxima,
1992 3955 2152 4020 esame,
2173 3941 2258 4014 „tpu

256 4044 426 4136 gravique
440 4039 574 4109 iudicio
588 4037 785 4130 suspiciunt
795 4051 902 4131 atque
916 4036 1154 4108 admirentur:
1175 4035 1252 4106 Vo-
1304 4048 1374 4120 est,
1402 4059 1467 4126 pro
1479 4038 1640 4108 maximis
1650 4054 1930 4127 agnoscunturet
1939 4042 2173 4112 celebrantur.
2205 4025 2259 4096 T¹¹²

256 4146 426 4233 biserga
460 4141 629 4212 omuibus
661 4141 791 4231 gratias
824 4162 908 4230 ago,
944 4152 1095 4231 quantas
1128 4163 1252 4229 capere
1304 4138 1548 4223 etiamcausa,
1575 4165 1665 4234 quae
1683 4142 1901 4228 nrrncfiunt,
1927 4143 2164 4216 buntomnia.
2197 4127 2259 4202 Nan

255 4261 369 4340 potest
384 4245 526 4315 animus
548 4267 669 4329 meus,
694 4243 791 4335 quod
812 4237 941 4312 honori
958 4265 1036 4310 meo
1052 4241 1171 4312 favere
1188 4265 1251 4312 vos
1304 4239 1368 4310 etsi
1382 4241 1534 4311 multum
1552 4238 1641 4312 mibi
1659 4245 1831 4334 polliceor
1848 4249 1892 4314 de
1909 4260 2129 4320 caeterorum
2145 4257 2211 4327 ertt
2223 4249 2259 4296 ¹¹¹²

250 4347 463 4432 ostenditis,
488 4360 522 4416 ct
535 4345 714 4416 testamiui
728 4368 810 4416 vera
825 4369 866 4414 ac
881 4345 1017 4414 sincera
1034 4344 1251 4414 benevolen-
1303 4342 1449 4424 studiis,
1485 4357 1518 4413 et
1535 4347 1646 4416 multa
1663 4342 1753 4416 mibi
1776 4348 1821 4418 ab
1839 4343 1894 4416 his
1917 4349 2026 4418 etiam
2044 4347 2122 4420 dari
2137 4364 2200 4414 non
2214 4335 2261 4402 df

256 4453 306 4524 tia
339 4473 403 4522 vos
431 4447 618 4518 nobiscum
649 4447 859 4518 coniunctos
889 4469 980 4531 esse,
1022 4459 1056 4518 et
1078 4437 1252 4516 ¹delectari
1303 4445 1400 4528 bito,
1435 4469 1548 4539 neque
1573 4447 1640 4538 ipsi
1666 4473 1721 4521 me
1748 4451 1911 4520 dubitare
1933 4453 2067 4524 volunt
2084 4443 2260 4520 autsinunb

256 4551 429 4632 amicitia,
455 4548 644 4642 colloquiis
666 4561 699 4624 et
717 4550 974 4620 consuetudine
995 4561 1126 4618 nostra.
1179 4546 1252 4619 Vos
1302 4548 1348 4620 sit
1369 4547 1478 4637 igitur
1499 4563 1539 4620 ut
1553 4545 1642 4620 mihi
1656 4551 1791 4644 aliqua:
1818 4552 1902 4622 Tibi
1925 4567 2049 4624 tamen
2067 4569 2106 4626 ut
2120 4547 2184 4620 disi
2200 4544 2262 4610 dab

257 4653 545 4746 circumspiciens
573 4653 618 4720 de
646 4651 709 4721 illo
731 4649 892 4722 Platonis
915 4652 1010 4720 dicto
1041 4651 1171 4739 cogito:
1207 4649 1251 4722 οὐ
1304 4664 1363 4722 tur
1379 4650 1517 4734 omnia,
1549 4654 1689 4745 quodsi
1713 4679 1785 4724 non
1811 4656 2008 4745 intelligam
2031 4671 2136 4749 atque
2158 4635 2261 4739 praedi·

256 4753 396 4856 χρυσὸς
418 4753 557 4853 ἄγλαος
578 4747 661 4824 οὔδ’
688 4749 857 4846 cidenas,
885 4748 969 4826 οὐδ’
989 4745 1160 4850 ἀγρύρου
1173 4749 1252 4826 seli-
1304 4777 1398 4838 cem,
1424 4753 1532 4822 nimis
1549 4755 1617 4824 eim
1633 4756 1818 4846 imperitus
1832 4771 1937 4850 atque
1954 4757 2143 4848 ingratus.v
2176 4746 2210 4818 1¹¹
2227 4759 2262 4806 ¹¹¹⁸

257 4885 322 4935 ναι
343 4853 436 4954 πρὸς
452 4855 661 4950 ἄνθρωπον
675 4849 968 4947 δοκιμαζόμεναι
980 4853 1100 4935 οὕτως
1112 4849 1252 4947 ἅστρᾶ-
1304 4879 1388 4924 vero
1411 4855 1442 4924 si
1460 4855 1548 4949 quid
1564 4856 1629 4928 tibi
1645 4872 1783 4946 gratum
1806 4873 1876 4940 est,
1904 4885 1968 4952 pro
1989 4886 2064 4954 quo
2084 4863 2155 4930 Deo
2168 4843 2262 4960 inii

258 4985 339 5036 mee
359 4955 451 5054 πρὸς
473 4957 593 5054 ὄψεις,
628 4951 680 5038 ὥς
700 4955 864 5056 ἀγαθῶν
884 4954 1038 5052 ἀνδρῶν
1053 4951 1251 5054 daemonici·
1303 4980 1368 5046 ego
1392 4970 1426 5026 et
1448 4958 1532 5042 tibi,
1565 4961 1642 5030 eius
1664 4961 1810 5030 nomine
1838 4963 1918 5034 ideo
1942 4966 2104 5052 gaudeo,
2134 4943 2262 5052 quiante

257 5087 342 5159 μων
362 5056 498 5154 νόησις.
560 5054 662 5130 Nihil
684 5075 736 5130 est
756 5061 912 5132 omnino'
931 5075 993 5130 aut
1016 5061 1252 5152 praestantius
1303 5072 1441 5148 gratum
1463 5074 1525 5133 est.
1584 5060 1674 5132 Nam
1700 5063 1764 5132 etsi
1787 5065 1831 5132 de
1860 5059 1916 5134 his
1936 5063 2175 5144 ornamentis,
2201 5063 2262 5144 ΨΜ

258 5180 319 5239 ant
340 5165 479 5234 dulcius
500 5161 753 5234 coniunctione
775 5187 848 5234 uon
875 5164 992 5234 fucata
1014 5164 1192 5232 bonorum
1217 5175 1253 5234 et
1302 5157 1392 5230 mihi
1419 5162 1489 5242 iam
1513 5163 1640 5234 collata
1662 5177 1763 5249 sunt,
1793 5165 1842 5236 ite
1867 5166 1982 5238 sentio
2006 5183 2049 5239 ut
2068 5167 2191 5244 debeo,
2211 5167 2261 5220 ⁰⁰¹¹

255 5271 400 5364 piorum
428 5263 724 5336 consentientium
757 5268 802 5335 de
831 5265 1029 5358 praecipuis
1059 5266 1184 5350 rebus,
1218 5279 1252 5336 et
1304 5277 1421 5334 tamen
1438 5265 1510 5334 illis
1526 5265 1612 5356 ipsis
1626 5279 1698 5337 tam
1714 5269 1850 5358 gaudeo
1865 5270 1943 5340 ullo
1965 5282 2130 5362 respectu
2143 5283 2209 5336 meo
2221 5259 2262 5322 ³¹¹¹

255 5369 326 5444 hoc
353 5389 527 5440 consensu
552 5367 778 5451 laetantium,
811 5369 855 5436 de
884 5368 1014 5460 quibus
1042 5367 1128 5437 dicit
1157 5368 1252 5438 filices
1302 5389 1463 5436 meorum
1478 5367 1658 5450 omnium,
1684 5351 2261 5463 quamteethonesuuimamtm'e

256 5471 341 5544 Dei:
372 5469 586 5563 Ubicunque
601 5471 672 5540 duo
687 5483 748 5540 aut
766 5483 837 5540 tres
852 5469 1053 5562 neumegati
1064 5469 1200 5540 fuerint
1212 5470 1251 5538 iu
1301 5467 1387 5538 liam
1402 5483 1516 5554 tuam,
1541 5493 1561 5542 a
1576 5493 1724 5542 menon
1739 5473 1942 5546 deformari·
1986 5471 2099 5564 Quod
2113 5485 2151 5544 ut
2160 5473 2261 5550 sentit1
