4674 6162
102 271 173 350 us
877 215 1332 348 surroauuura
1748 283 1753 294 ·
1876 351 1882 361 ,
2049 279 2126 376 aas

99 467 255 541 unquam
270 441 405 536 poterit
425 442 523 534 leges
541 441 727 516 admittere
743 435 896 530 Christi,
921 443 986 539 qui
1010 467 1085 516 non
1136 451 1207 526 eu,
1238 461 1307 512 nos
1336 435 1535 522 Germanos
1562 444 1754 522 dissentire
1770 467 1880 541 quarn
1906 451 2126 550 cananeae,

95 549 184 630 amir
200 545 400 644 transgredi
415 545 508 644 loges
524 543 657 639 Papae,
682 557 722 618 ut
743 567 804 618 eae
824 569 922 618 nunc
939 547 1083 642 quidem
1135 541 1183 616 ita
1199 542 1296 614 enim
1311 541 1452 622 facilius
1465 545 1621 638 opprimi
1637 571 1837 641 possumus.
1889 551 2035 644 Quanto
2059 581 2126 628 au.

94 674 186 734 sont.
239 655 295 728 De
309 655 414 728 rectio
432 649 620 726 hominum
640 677 767 746 genere
781 653 901 728 minus
921 667 1084 728 metuen—
1134 660 1208 720 tem
1231 645 1459 741 praestiterit,
1489 649 1630 746 sliquos
1651 653 1833 746 indignari
1855 656 1987 730 frustra
2007 659 2125 748 nobis,

94 765 177 835 dum
194 757 357 844 videtur5
380 781 463 828 vera
478 756 574 828 enim
589 757 715 848 religio
730 781 815 850 opes
828 782 903 828 non
918 757 1082 854 requirit,
1133 753 1228 846 quod
1247 748 1481 825 Germaniam
1494 755 1601 828 exitio
1620 759 1777 851 ereptam
1793 759 1833 834 in
1856 755 1999 845 Christo
2019 785 2123 856 paca·

94 881 124 940 et
138 863 272 935 muudi
286 860 474 953 dignitates
488 873 594 954 atque
605 862 799 952 potentiam
818 860 921 950 fugit.
961 860 1081 950 Quare
1133 856 1410 928 tamreddamus
1429 880 1537 950 quam
1555 859 1797 934 camillorum
1812 863 1908 936 bona
1923 865 2035 954 gratia
2056 867 2123 936 ad·

93 971 133 1040 de
148 965 354 1038 ditionibus
370 964 547 1054 etopibus
560 959 739 1034 Ecclesiae
758 963 862 1034 facile
878 962 1080 1038 iniriratio
1133 957 1293 1040 mittere,
1317 970 1359 1030 ut
1381 958 1444 1034 illa
1468 961 1524 1032 vel
1545 963 1709 1036 funditus
1731 978 1851 1056 pereat
1873 964 1930 1040 vel
1947 967 2058 1060 impie
2086 981 2121 1044 et

93 1071 240 1166 poterit,
278 1091 325 1138 ne
355 1065 562 1136 reformatio
588 1059 768 1140 Ecclesiae
801 1059 929 1136 barum
959 1089 1079 1136 rerum
1132 1059 1259 1130 misere
1284 1060 1438 1132 serviat?
1496 1061 1606 1138 lactat
1624 1064 1737 1156 Papa,
1770 1089 1845 1138 non
1867 1091 1969 1160 posse
1993 1065 2120 1144 haberi

92 1193 190 1246 causa
206 1161 435 1262 impediatur.
486 1164 644 1238 Tantum
658 1169 750 1239 absit
771 1167 933 1260 impietas
957 1181 992 1239 ct
1008 1166 1079 1239 Pa·
1131 1162 1281 1232 concilia
1304 1163 1380 1254 ipso
1397 1163 1531 1262 invito,
1555 1169 1617 1238 sed
1643 1167 1732 1240 illud
1755 1193 1831 1242 uon
1852 1171 1934 1242 misi
1956 1174 2120 1264 supposi-

91 1301 148 1372 με
170 1273 375 1344 servitium.
432 1267 505 1360 Qui
528 1270 635 1362 primi
660 1270 800 1342 ordinis
832 1270 882 1340 ita
905 1283 1007 1356 sunt,
1038 1283 1079 1342 ut
1131 1263 1240 1334 liisel
1256 1265 1454 1336 falsissimis
1470 1269 1725 1358 decretalibus,
1741 1295 1829 1366 quas
1845 1270 2040 1346 Gratianus
2056 1298 2120 1367 pes

92 1403 156 1450 non
181 1377 261 1448 sint
284 1371 401 1444 simul.
415 1373 587 1458 aliorum,
614 1367 683 1444 boc
706 1385 776 1458 est,
801 1371 865 1468 qui
887 1396 953 1444 nec
975 1371 1081 1465 impii
1130 1364 1345 1458 imperitiam
1365 1369 1478 1457 magis
1501 1371 1623 1442 forsan
1645 1373 1750 1466 quain
1771 1375 1945 1446 malitiam
1967 1377 2007 1448 in
2022 1373 2118 1450 Dia.

96 1505 148 1552 nae
169 1477 296 1571 Papae
326 1473 440 1560 servi,
475 1499 541 1546 nee
573 1473 680 1547 etiam
715 1474 931 1546 addictiores
962 1463 1089 1570 aequo'
1131 1469 1538 1544 tamentationes
1553 1488 1670 1545 autem
1685 1477 2118 1572 quicunque'prioresea·

99 1597 164 1654 sont
179 1577 324 1651 divitiis
340 1591 376 1648 et
390 1575 625 1666 dignitatibus
644 1569 752 1648 huius
772 1575 899 1658 seculi,
928 1577 1077 1670 cupiunt
1129 1593 1258 1656 nones,
1280 1566 1500 1644 authenticas
1515 1572 1694 1650 Ecclesiae
1710 1573 1894 1666 historias,
1915 1581 2117 1676 scriptaque

92 1686 221 1774 seiugo
239 1679 393 1752 Domini
406 1679 575 1764 subdere,
602 1680 708 1750 modo
726 1682 823 1776 quod
846 1703 928 1750 vere
952 1680 1074 1770 iugum
1128 1672 1285 1746 sanctiss.
1310 1687 1470 1764 patrum,
1496 1675 1688 1772 Cypriani,
1715 1679 1917 1768 Ambrosii,
1941 1682 2116 1774 Augusti-

89 1785 230 1860 Domini
257 1784 324 1862 sit,
356 1795 509 1868 constet,
541 1775 580 1852 hi
606 1781 771 1852 facillime
796 1781 958 1853 omnium
987 1804 1075 1852 eon·
1127 1775 1188 1862 ui,
1213 1773 1338 1844 Basilii
1361 1787 1395 1847 et
1416 1778 1568 1848 maxime
1590 1778 1723 1852 Leonis
1745 1797 1851 1877 atque
1874 1783 2041 1875 Gregorii
2062 1787 2115 1858 le-

87 1889 249 1960 seutient.
304 1882 379 1974 Qui
393 1884 488 1954 enim
507 1884 760 1956 voluutfacere
777 1884 1073 1972 voluntatemps-
1125 1891 1272 1967 gerunt,
1305 1877 1454 1948 concilia
1483 1882 1716 1972 provincialia
1746 1887 1918 1958 celebrari
1952 1901 2115 1980 oportere

87 1995 162 2078 tris,
188 1991 216 2060 ii
234 2001 449 2078 cognoscent
464 1988 508 2056 de
522 1987 684 2056 doctrina
698 1981 852 2070 Christi,
877 2010 924 2055 an
939 2007 980 2054 er
996 1982 1073 2056 Deo
1126 1980 1210 2050 bina
1228 1979 1419 2073 quotannis
1440 1981 1479 2052 in
1503 1983 1653 2074 singulis
1678 1988 1893 2078 provinciis,
1917 1991 2115 2062 nationalia

84 2098 130 2170 sit.
165 2093 219 2164 Hi
237 2105 273 2162 et
291 2101 417 2182 petunt
433 2103 467 2160 et
484 2088 691 2182 inquirunt,
715 2087 825 2177 igitur
839 2103 873 2160 et
888 2087 1073 2158 invenient
1125 2105 1208 2154 veru
1225 2082 1264 2152 in
1286 2083 1410 2176 quavis
1427 2085 1591 2174 natione,
1614 2089 1752 2182 quoties
1768 2091 1904 2184 aliquid
1928 2093 1969 2162 in
1985 2088 2112 2164 Eocle-

81 2195 315 2290 etaceipient.
365 2189 434 2261 llis
452 2205 571 2262 tamen
589 2204 768 2262 conventu
794 2205 829 2263 et
851 2203 975 2260 mutuo
998 2191 1073 2260 col·
1123 2184 1174 2254 sia
1197 2184 1449 2276 corrigendum
1471 2201 1621 2274 extaret,
1646 2193 1744 2284 quod
1768 2193 1814 2264 ad
1834 2217 1957 2264 ornnes
1983 2195 2040 2264 vel
2064 2197 2112 2266 ad

82 2301 199 2396 loquio
219 2319 314 2390 opus
336 2307 397 2369 est.
449 2291 538 2366 Vult
562 2294 657 2364 enim
681 2289 848 2364 Christus
867 2315 950 2362 suos
975 2289 1072 2384 ipso·
1122 2285 1243 2377 plures
1271 2288 1347 2358 eius
1375 2289 1530 2360 nationis
1551 2287 1728 2366 Ecclesias
1760 2295 1937 2387 pertinere
1958 2297 2112 2374 videtur.

83 2415 302 2474 mmmutua
317 2419 422 2488 opera
438 2399 482 2466 de
497 2398 674 2492 mysteriis
686 2398 760 2466 suis
776 2397 929 2470 erudire.
983 2393 1072 2464 lude
1122 2387 1226 2488 Huic
1239 2391 1415 2462 sanctioni
1438 2390 1547 2468 Rom.
1569 2392 1734 2470 Pontifex
1764 2399 2006 2472 contradicere
2036 2423 2111 2470 non

82 2503 244 2600 Apostoli
264 2512 300 2571 et
316 2500 558 2571 omnessancti
575 2498 747 2570 visitanti
763 2497 1072 2590 semperfecerunt
1122 2503 1259 2582 potest,
1292 2515 1373 2562 cum
1398 2487 1491 2564 hauc
1512 2498 1630 2566 sedem
1656 2523 1738 2590 prae
1767 2501 1848 2572 aliis
1871 2498 1936 2574 SS.
1963 2499 2110 2572 Parrum

84 2606 295 2679 inDomino
310 2602 522 2687 convenire,
548 2616 583 2673 et
604 2624 679 2671 sese
701 2602 746 2670 de
760 2600 907 2670 Domini
931 2599 1070 2690 placitis
1120 2594 1372 2664 communibus
1386 2594 1558 2668 institutis
1578 2593 1762 2674 inhaerere
1777 2625 1915 2674 necesse
1928 2603 1986 2674 sit.
2009 2602 2109 2692 Quin

84 2703 200 2784 nurus
217 2711 349 2780 docere
365 2707 616 2778 etadmouere.
669 2701 743 2772 lam
765 2702 847 2773 licet
870 2698 1067 2770 curandum
1119 2695 1225 2767 ctiam
1249 2696 1431 2786 generalia¹
1449 2699 1494 2766 ad
1518 2701 1772 2772 correctionem
1787 2702 1894 2776 Rom.
1909 2703 2110 2800 Episcopo·

87 2807 212 2884 sithoc
238 2806 429 2882 homiuum
450 2829 581 2897 genus,
613 2803 676 2898 qui
698 2827 737 2874 ea
758 2805 875 2874 solum
895 2806 941 2874 de
965 2825 1067 2874 causa
1118 2821 1199 2868 rum
1222 2795 1340 2868 iures
1364 2797 1538 2890 religiosis
1560 2803 1782 2898 principibus
1809 2820 1844 2878 et
1865 2806 1998 2878 indicta
2023 2821 2108 2880 sunt

93 2915 314 3007 irreligione
330 2932 403 2980 non
420 2909 526 3000 plane
546 2908 831 2992 conformantur,
857 2907 954 3002 quod
975 2929 1069 2976 non·
1119 2899 1225 2985 olim,
1257 2913 1293 2972 et
1314 2893 1423 2972 hodie
1447 2901 1651 2978 indicenda.
1708 2905 1769 2980 Sic
1788 2903 1949 2980 Ecclesia
1967 2903 2106 2984 Christi

100 3017 167 3086 dom
184 3019 274 3089 satis
297 3027 433 3085 constet
461 3013 530 3098 eis,
563 3035 654 3106 quae
683 3011 729 3081 sit
752 3031 917 3100 germana
943 3007 1068 3098 religio
1117 3003 1250 3074 servire
1265 3025 1339 3074 nou
1354 3017 1485 3096 potest,
1511 3019 1553 3080 ut
1574 3031 1649 3078 oon
1668 3007 1772 3081 liceat
1786 3011 1855 3102 piis
1868 3007 2055 3106 Episcopis
2070 3027 2106 3086 et

93 3115 227 3206 Christi,
261 3137 338 3188 esse
365 3114 608 3198 rarissimum,
641 3127 761 3185 tamen
791 3111 922 3181 scimus
951 3106 1067 3182 Deum
1117 3105 1341 3199 principibus
1371 3107 1416 3176 de
1445 3109 1559 3182 salute
1581 3111 1657 3184 eius
1685 3104 1815 3184 hahere
1844 3113 2007 3190 concilia.
2064 3115 2105 3188 Si

86 3245 140 3314 prr
152 3244 288 3316 pancos
307 3219 400 3290 filios
421 3239 503 3286 suos
519 3217 667 3286 salutem
691 3237 792 3304 saepe
813 3211 977 3282 maximis
1002 3235 1068 3282 na·
1116 3229 1192 3276 non
1208 3207 1436 3280 consentiatis
1453 3234 1473 3280 a
1490 3236 1562 3304 quo
1577 3213 1640 3284 illa
1657 3215 1810 3286 maxime
1826 3215 1997 3298 laeditur,
2023 3240 2105 3309 per-

83 3325 235 3398 tionibns
249 3335 287 3395 et
302 3319 444 3414 populis
459 3321 608 3392 adferre.
660 3315 811 3388 Dilectio
826 3338 969 3410 quoque
985 3337 1067 3384 vera
1116 3307 1222 3401 spicit
1243 3321 1304 3381 tua
1333 3311 1542 3400 pnrdentia,
1574 3317 1797 3406 pereundum
1821 3317 1970 3388 omnino
1998 3319 2105 3392 nobis
2178 3383 2180 3390 .

80 3429 118 3499 de
133 3448 356 3522 unoquoque
371 3418 537 3506 bomine,
554 3421 672 3516 quoad
690 3420 790 3504 licet,
813 3441 903 3512 quae
919 3417 1065 3488 meliora
1116 3434 1192 3482 esse
1212 3411 1271 3482 vel
1292 3435 1313 3484 a
1337 3409 1467 3483 Turcis
1493 3415 1551 3486 vel
1577 3416 1748 3488 intestino
1777 3419 1893 3506 bello,
1926 3421 2000 3494 nisi
2021 3445 2103 3494 vere

80 3545 158 3603 auu
191 3525 399 3625 praesumit.
465 3521 622 3594 Proinde
654 3522 759 3592 bonis
792 3535 827 3593 et
859 3519 1067 3591 timentibus
1114 3513 1395 3600 consentiamus3
1427 3518 1628 3592 consentire
1657 3533 1775 3594 autem
1806 3546 1882 3592 non
1907 3547 2102 3616 possemus,

79 3631 192 3705 Deum
209 3632 295 3704 totis
311 3630 449 3700 viribus
464 3625 743 3698 incumbendum
759 3637 828 3706 est,
855 3637 895 3694 ut
921 3623 1007 3692 boni
1029 3635 1067 3692 et
1115 3616 1186 3686 nisi
1207 3611 1570 3692 restiteratlcclesae
1595 3645 1679 3714 pace
1702 3637 1738 3696 et
1756 3647 1840 3694 vera
1873 3627 2102 3710 administra-

77 3736 170 3808 docti
184 3735 329 3808 tandem
348 3729 562 3802 conveniant
584 3741 620 3799 et
642 3727 900 3799 controversias
921 3725 1066 3816 religio·
1113 3721 1211 3790 tione
1225 3719 1427 3809 religionis,
1452 3737 1487 3794 et
1506 3717 1593 3794 haer
1614 3718 1710 3796 baud
1729 3749 1906 3822 quaquam
1922 3751 2024 3820 posse
2044 3753 2100 3800 re-

76 3841 131 3912 nis
155 3837 356 3922 excutiant,
389 3847 576 3926 postquam
601 3845 671 3901 ram
699 3851 804 3919 grave
827 3830 871 3898 de
892 3827 1064 3918 religione
1112 3822 1211 3892 stitoi
1228 3823 1360 3915 absque
1374 3823 1552 3894 bonorum
1568 3839 1603 3898 et
1617 3825 1803 3900 doctonrm
1821 3829 1980 3902 virorum
2002 3829 2102 3922 gravi

75 3944 169 4038 apud
195 3962 263 4011 nos
286 3936 473 4008 dissidium
501 3934 627 4006 extitit.
677 3927 725 4002 Et
746 3930 875 4022 passim
898 3931 1064 4000 audimus
1112 3937 1147 3996 et
1169 3924 1334 4016 religiose
1362 3924 1554 4020 colloquio.
1614 3925 1655 3998 ld
1679 3929 1743 4024 qui
1771 3931 1915 4002 differre
1941 3948 2102 4018 conatur,

75 4045 144 4118 iam
160 4043 316 4125 multos,
337 4037 400 4134 qui
415 4037 557 4122 dicunt,
580 4059 618 4106 se
632 4027 725 4104 nihil
742 4033 849 4102 malle
863 4055 970 4126 quam
987 4029 1063 4102 Do·
1111 4049 1286 4098 accersere
1307 4027 1447 4100 nedoni
1465 4023 1549 4104 huie
1572 4029 1719 4104 exitium
1733 4033 1893 4114 molitur.
1942 4031 2014 4124 Qui
2033 4035 2100 4105 ita·
2171 4075 2181 4090 ι

73 4151 173 4220 mino
189 4145 323 4216 servire
338 4155 373 4214 et
387 4141 454 4213 sub
469 4140 551 4229 iugo
561 4133 695 4208 Christi
710 4157 802 4221 esse,
826 4136 857 4206 si
874 4136 981 4204 modo
993 4133 1063 4204 sci·
1111 4153 1181 4224 que
1194 4131 1344 4202 salutem
1365 4129 1500 4222 patriae
1522 4147 1710 4225 expetunt,
1734 4135 1774 4204 in
1795 4136 1833 4204 id
1858 4136 1942 4208 totis
1961 4136 2099 4208 uiribus

72 4265 171 4336 sent,
197 4249 295 4343 quod
313 4269 436 4316 vnum
446 4239 594 4313 Domini
609 4240 730 4330 iugum
749 4237 795 4309 sit
810 4249 846 4308 et
861 4249 1062 4331 quaegrata
1112 4233 1321 4304 incumbant
1351 4255 1490 4303 necesse
1514 4247 1588 4326 est,
1618 4250 1660 4312 ut
1680 4237 1897 4329 colloquium
1923 4237 1993 4310 tale
2017 4251 2098 4308 tan-

71 4353 254 4446 obsequia.
309 4347 457 4420 Factum
473 4359 525 4416 est
540 4343 642 4434 culpa
660 4354 799 4425 nostra,
818 4353 876 4424 ut,
901 4339 991 4430 sicut
1007 4337 1061 4407 illi
1110 4336 1191 4404 dem
1212 4335 1438 4420 admittatur,
1470 4337 1575 4430 quale
1602 4337 1778 4430 superiori
1806 4361 1901 4408 anuo
1923 4331 2096 4408 Franco-

74 4457 136 4556 qui
159 4449 382 4548 Babylonem
402 4447 645 4526 exstruebant,
671 4444 709 4514 in
731 4442 854 4514 multis
877 4463 943 4512 nos
966 4440 1062 4510 invi·
1109 4429 1262 4529 [ardiae
1277 4433 1405 4506 Caesar
1417 4437 1512 4538 ultro
1525 4437 1655 4532 obtulit
1673 4454 1707 4512 et
1721 4439 1902 4530 pollicitus
1916 4456 1977 4516 est.
2018 4441 2096 4512 ttae

72 4583 148 4632 cem
164 4579 239 4628 non
263 4553 515 4642 intelligamus.
569 4546 777 4618 inciderunt
793 4540 1009 4638 hyperbolae
1026 4557 1061 4614 et
1109 4541 1154 4608 de
1168 4563 1206 4608 re
1222 4553 1257 4608 et
1271 4539 1350 4607 aliis
1367 4539 1470 4607 valde
1492 4564 1654 4632 cuperem
1680 4565 1761 4611 cum
1787 4541 1832 4615 T.
1849 4539 1893 4612 D.
1916 4567 2096 4614 comanen-

71 4665 208 4734 alienae
228 4655 449 4746 ascripturis
465 4649 613 4722 Domini
625 4651 759 4719 formae
776 4647 958 4740 loquendi,
971 4669 1061 4740 quae
1109 4640 1188 4715 tari.
1237 4638 1327 4710 Nam
1351 4655 1391 4711 ut
1416 4653 1456 4711 tu
1483 4655 1517 4710 et
1540 4639 1721 4718 lllustriss.
1745 4641 1945 4734 Landgrav.
1971 4658 2006 4716 et
2028 4645 2096 4714 ali-

73 4765 204 4836 multos
234 4759 463 4852 perturbant,
494 4779 584 4847 quae
615 4766 732 4822 tamen
753 4749 852 4838 gravi
878 4747 1058 4842 colloquio
1108 4766 1261 4836 quorum
1280 4735 1338 4838 [l]
1364 4742 1424 4812 alii
1445 4743 1531 4814 boui
1552 4767 1592 4816 ac
1616 4759 1832 4835 praestantes
1849 4747 1935 4834 viri,
1961 4747 2096 4818 sollici-

74 4869 252 4940 honorum
287 4862 374 4931 citra
407 4857 589 4946 negotium
621 4852 803 4946 explicari·
824 4865 860 4924 et
889 4849 1058 4921 elucidari
1107 4859 1183 4916 tom
1198 4867 1271 4914 esse
1287 4867 1351 4934 pro
1367 4845 1479 4915 salute
1499 4846 1634 4938 patriae
1654 4863 1761 4942 atque
1779 4850 1957 4924 oculatum
1978 4865 2013 4924 et
2039 4863 2096 4922 at-

74 4983 226 5063 pofflnr,
280 4961 358 5034 Hor
372 4975 488 5034 serrem
505 4957 723 5050 colloquium
741 4955 918 5024 hamram
939 4967 974 5024 et
998 4977 1058 5024 ve·
1107 4962 1245 5019 tentum
1264 4945 1304 5016 in
1330 4939 1384 5016 his
1410 4971 1500 5040 quae
1523 4947 1578 5018 illi
1602 4950 1658 5022 vel
1681 4951 1785 5020 saluti
1808 4951 1863 5020 vel
1885 4953 1993 5022 exilio
2018 4975 2093 5021 esse

72 5099 145 5144 ram
162 5065 582 5140 cuncordiamhouorum
598 5056 693 5149 Papa
711 5071 743 5127 et
761 5058 965 5150 quicunque
982 5079 1055 5124 non
1106 5061 1266 5140 possent,
1301 5049 1568 5139 praedicarunt,
1610 5053 1758 5124 omniuo
1793 5077 1895 5144 spero
1929 5067 2092 5126 nostrum

73 5189 217 5268 possunt
235 5193 384 5261 regnum
397 5161 531 5240 Christi
547 5163 748 5243 admittere,
773 5161 865 5228 ferre
882 5181 956 5226 nou
975 5181 1056 5246 pos-
1104 5151 1322 5243 colloquium
1342 5145 1518 5222 Ecclesiae
1535 5149 1669 5224 Christi
1688 5149 1782 5224 haud
1799 5157 1875 5224 fore
1890 5155 2028 5230 inutile.

71 5293 166 5350 sunt:
193 5297 305 5371 quare
321 5281 462 5340 nonest
483 5277 524 5337 ut
546 5285 731 5356 operemus
753 5283 816 5331 vos
840 5273 1055 5330 conventum
1203 5250 1306 5322 Hanc
1335 5277 1418 5324 vero
1451 5255 1680 5346 cupiditatem
1714 5269 1827 5326 tecum
1864 5256 2092 5352 colloquendi

72 5383 173 5452 talem
190 5373 398 5468 cumgratia
415 5369 530 5460 Papae
549 5381 740 5449 eteorum,
766 5365 827 5456 qui
844 5359 959 5452 Papae
980 5384 1055 5430 ser-
1103 5355 1194 5426 mire
1207 5355 1445 5427 inflammavit
1462 5358 1517 5426 vir
1535 5357 1712 5428 rarissima
1735 5359 1936 5430 eruditione
1960 5371 1994 5429 et
2018 5358 2092 5428 elo·

73 5483 186 5571 siunt,
212 5493 248 5552 et
264 5499 415 5575 quarum
432 5465 686 5564 cupiditatibus
700 5465 810 5557 magis
825 5467 1051 5537 commodum
1102 5457 1247 5555 quentia
1258 5455 1301 5530 D.
1313 5457 1354 5531 D.
1364 5451 1778 5548 Bortolom.Latomns,
1794 5461 1856 5556 qui
1872 5458 1978 5532 etiarn
1994 5481 2093 5554 spem
