4666 6170
183 285 258 362 ιιι
548 229 806 360 scoram
834 275 1142 358 auvmau
1172 271 1249 356 aa
1276 275 1511 356 on1run
1530 269 1846 398 'uauaavn
2160 279 2236 355 sas
2324 277 2325 286 ¹

185 451 366 533 Ecclesiae
397 451 564 550 precibus
596 469 631 526 et
663 455 819 528 utilitate
853 467 971 541 moto,
1007 454 1118 525 vitam
1145 451 1186 524 in
1234 453 1338 526 ritate
1362 465 1396 524 et
1418 452 1551 525 virtute
1574 465 1791 546 praestantes
1813 451 1884 525 viri
1905 443 2088 526 αὐτόπται
2109 449 2238 536 testari
2324 513 2325 522 ,

189 574 289 634 tanta
313 559 473 652 corporis
494 558 688 652 gracilitate
714 571 749 627 et
766 557 892 627 calculi
907 549 1122 627 cruciatibus
1140 557 1186 625 ad
1236 567 1416 649 poterunt.
1469 554 1560 625 Tam
1576 557 1675 648 pium
1691 569 1726 626 et
1741 557 1921 648 placidum
1938 555 2068 626 exitum
2088 569 2124 626 et
2141 555 2237 624 libe·

190 675 328 738 tantam
350 673 525 732 senectam
548 673 771 752 prorogatam
791 659 918 744 fuisse,
947 671 988 730 ut
1008 659 1187 728 climacte-
1235 659 1409 728 rationem
1442 680 1485 726 ex
1518 672 1590 727 tam
1624 657 1802 728 laboriosa
1822 671 1871 729 ¹et
1906 679 2117 726 aerumnosa
2157 656 2236 727 vita

189 767 308 837 ritum
324 785 462 834 nonum
478 776 671 853 superaret,
692 775 728 832 et
742 757 926 832 inchoaret
945 761 1066 833 aetatis
1081 785 1188 854 quar·
1235 783 1359 830 omnes
1379 759 1550 848 gratulari
1570 759 1641 849 ipsi
1666 759 1784 851 potius
1800 781 1907 854 quam
1923 759 2110 850 deplorare
2125 757 2238 828 dehe-

194 881 273 940 tum
298 879 334 936 ct
358 865 611 954 sexagesimum
626 887 780 948 annum,
805 863 902 958 quod
918 864 1013 933 vitae
1030 861 1188 953 spacium
1236 885 1334 946 mus,
1361 874 1396 930 et
1419 883 1544 948 rogare
1567 861 1700 950 singuli
1715 860 1852 947 Deum,
1879 874 1919 931 ut
1940 883 2005 930 nos
2024 883 2167 954 quoque
2184 858 2238 928 si-

194 966 400 1062 paucissimi
423 967 530 1036 etiarn
552 989 680 1056 magno
704 967 864 1057 corporis
886 967 1015 1035 robore
1036 963 1188 1057 praediti
1236 963 1314 1032 mili
1330 963 1588 1055 tranquillitate
1610 961 1865 1044 conscientiae,
1890 962 2001 1031 simili
2023 961 2238 1046 constantia,

196 1071 388 1159 attingunt.
439 1064 580 1137 Deinde
602 1067 757 1136 vidimus
781 1089 924 1152 omnes,
955 1091 1059 1160 quarn
1085 1089 1190 1135 aeru—
1238 1065 1319 1134 fidei
1345 1079 1380 1136 et
1401 1063 1653 1148 confessionis,
1687 1077 1723 1134 et
1748 1063 1859 1134 simili
1879 1065 2006 1133 ardore
2036 1064 2238 1134 invocatio-

196 1193 359 1247 mnosam
383 1167 491 1240 vitam
507 1169 614 1257 egerit
631 1169 670 1238 in
687 1169 865 1261 perpetuis
882 1169 1083 1251 laboribus,
1107 1168 1190 1237 fati·
1237 1165 1295 1236 nis
1309 1189 1349 1235 ex
1363 1161 1433 1236 hoc
1446 1189 1585 1236 carcere
1600 1166 1761 1238 traducat
1777 1169 1822 1238 ad
1836 1179 2014 1238 aeternam
2031 1187 2129 1238 suam
2145 1187 2239 1237 con·

197 1271 418 1363 gationibus,
454 1267 736 1356 adflictionihus,
769 1269 1084 1358 exagitationibus,
1117 1269 1190 1338 cri·
1237 1269 1474 1343 suetudinem.

197 1373 471 1458 minationibus,
496 1372 636 1442 insidiis
651 1385 686 1443 et
701 1373 888 1457 morsibus,
915 1373 1191 1465 quibusasum-
1341 1369 1508 1442 Attamen
1522 1365 1719 1442 'Academia
1734 1385 1769 1443 ct
1788 1365 1948 1440 Ecclesia
1958 1369 2085 1440 ‘orbata
2101 1358 2240 1436 esthoc
2324 1371 2325 1378 ’

197 1475 286 1559 mis,
311 1473 455 1555 infimis,
482 1475 621 1560 exteris,
645 1473 833 1563 indigenis,
853 1468 1013 1544 hostibus
1029 1486 1063 1542 et
1083 1471 1189 1542 disci·
1239 1471 1336 1540 fideli
1351 1485 1385 1542 et
1399 1471 1545 1542 salutari
1561 1471 1822 1562 gubernatore?
1864 1463 2241 1544 Estsanehacccala·

198 1577 294 1670 pulis
315 1576 391 1645 sine
414 1576 485 1644 fine
507 1589 541 1644 et
562 1577 669 1645 modo
694 1575 874 1666 impetitus
892 1589 925 1646 et
939 1575 1110 1644 laceratus
1126 1585 1191 1658 est,
1240 1573 1343 1643 mitas
1360 1573 1637 1660 inaestimabilis,-
1664 1600 1771 1669 qnam
1787 1574 1956 1644 videntur
1970 1572 2081 1643 multa
2095 1569 2241 1640 incom-

198 1692 241 1750 ut
261 1679 388 1747 merito
413 1701 494 1748 cum
517 1675 645 1748 Iacobo
657 1671 862 1746 Patriarcha
884 1677 1000 1746 dicere
1021 1675 1190 1768 potuerit:
1240 1677 1345 1744 moda
1362 1687 1541 1760 secutura,
1563 1701 1669 1769 quam
1685 1677 1878 1772 aliquando
1893 1690 2013 1747 tamen
2026 1685 2240 1743 eventuram

200 1780 276 1852 dies
306 1779 599 1871 peregrinationis
625 1779 717 1848 vitae
741 1801 840 1848 meae
863 1780 1007 1848 fuerunt
1030 1777 1131 1869 parvi
1157 1789 1193 1846 et
1240 1777 1397 1848 fortassis
1421 1789 1543 1846 nostra
1568 1779 1787 1868 ingratitudo
1810 1789 1845 1848 et
1865 1779 1997 1848 abusus
2019 1771 2149 1848 borum
2167 1774 2240 1843 do-

200 1880 305 1966 mali;
333 1893 368 1950 et
389 1895 553 1950 mortuus
577 1881 639 1966 sit,
664 1894 706 1950 ut
725 1876 1006 1964 deAbrahamo,
1041 1879 1136 1950 Isaac
1159 1891 1193 1948 et
1242 1901 1370 1947 norum
1395 1879 1570 1948 maturius
1592 1881 1747 1952 attraxit.
1799 1877 1869 1949 Sed
1894 1897 2129 1968 agnoscamus
2141 1871 2240 1946 hanc

200 1982 281 2053 aliis
304 1982 490 2062 scribitur,
517 1996 629 2053 aetate
653 1983 832 2052 coniectus
849 1995 883 2052 et
900 1983 1027 2073 plenus
1041 1983 1192 2064 dicrum,
1242 1993 1398 2049 nostram
1420 2001 1504 2049 saue
1527 1981 1782 2071 deplorandam
1805 1995 1839 2052 et
1854 1979 2083 2071 castigatione
2098 1975 2239 2066 dignis-

201 2107 264 2154 seu
284 2097 461 2154 saturatus
481 2083 604 2164 annis,
630 2107 710 2152 cum
728 2107 829 2173 saepe
845 2084 1062 2154 audierimus
1077 2083 1192 2173 ipsum
1242 2083 1367 2152 simam
1402 2080 1711 2172 ingratitudinem,
1753 2097 1787 2154 et
1815 2083 1997 2152 fastidium
2025 2093 2061 2152 et
2085 2081 2235 2150 abusum

204 2207 285 2255 cum
309 2198 392 2254 ante
413 2179 509 2254 hunc
529 2185 695 2253 morbum
712 2197 785 2252 tum
802 2198 959 2276 tempore
976 2185 1092 2253 morbi
1108 2207 1194 2252 con·
1242 2183 1477 2274 multiplicem
1516 2185 1695 2256 bonorum
1733 2185 1989 2276 praesentium,
2029 2195 2064 2252 et
2092 2201 2236 2252 oremus

202 2299 410 2376 querentem
434 2285 635 2355 denirium
660 2287 857 2355 deiectione
881 2287 1012 2355 dicere:
1044 2310 1080 2355 se
1103 2285 1194 2353 velle
1244 2285 1382 2370 Deum,
1410 2301 1451 2356 ut
1466 2287 1607 2356 veniam
1624 2287 1755 2358 nostris
1770 2286 1906 2355 delictis
1922 2299 2067 2378 paterna
2084 2307 2146 2353 sua
2163 2282 2241 2351 cle-
2320 2309 2325 2318 ·

202 2384 280 2458 Deo
305 2386 450 2456 obedire
474 2399 508 2457 ct
532 2385 682 2470 servire,
703 2401 745 2456 ut
767 2402 870 2472 ante,
892 2391 920 2456 si
946 2389 976 2458 is
997 2389 1084 2458 velit
1102 2388 1194 2456 vitae
1244 2390 1374 2456 mentia
1398 2389 1552 2472 tribuat,
1576 2402 1612 2459 et
1634 2391 1730 2484 quod
1753 2401 1805 2458 est
1821 2388 2000 2482 reliquum
2017 2385 2239 2457 luciset'do·

204 2509 318 2558 annos
331 2487 451 2578 plures
466 2487 636 2572 adiicere,
660 2490 715 2557 sin
732 2489 870 2573 minus,
893 2513 929 2558 sc
942 2492 1029 2559 adeo
1045 2512 1119 2557 non
1137 2513 1192 2556 re-
1244 2489 1378 2558 ctrinae
1401 2490 1575 2558 divinitus
1596 2514 1661 2582 per
1684 2485 1770 2560 haec
1792 2491 1959 2561 salutaria
1984 2511 2114 2579 organa
2130 2485 2240 2556 nobis

204 2591 399 2659 formidare
412 2604 582 2670 mortem,
606 2603 647 2659 ut
665 2613 740 2659 eam
756 2593 859 2661 etiarn
879 2593 1109 2683 expetendam
1125 2590 1194 2660 sibi
1245 2591 1437 2660 clementer
1460 2593 1631 2678 donatae,
1657 2595 1865 2662 reverenter
1882 2605 1917 2663 et
1938 2592 2028 2680 grati
2043 2589 2242 2680 amplecta-

204 2691 469 2786 optandamque
485 2692 580 2760 iuxta
598 2691 815 2764 voluntatem
831 2692 898 2764 Dei
913 2693 1094 2762 existimet.
1146 2688 1195 2760 Et
1245 2715 1345 2776 mur,
1372 2704 1405 2762 et
1429 2716 1640 2784 usurpemus
1663 2697 1706 2764 ad
1733 2693 2003 2764 celebrationem
2027 2691 2161 2782 gloriae
2179 2690 2243 2760 di-

203 2792 255 2864 ita
284 2793 394 2874 obiit,
427 2806 467 2863 ut
495 2793 645 2886 quisque
676 2795 742 2863 sibi
771 2795 943 2863 maiorem
968 2795 1195 2862 foelicitatem
1244 2794 1367 2876 vinae,
1394 2797 1495 2865 etad
1519 2797 1802 2867 emendationem
1824 2796 1919 2866 vitae
1940 2812 1981 2864 ac
2002 2815 2144 2865 morum
2167 2817 2243 2864 no-

168 2886 170 2894 ’
204 2907 328 2986 optare
350 2919 426 2963 non
448 2895 576 2986 possit,
609 2919 714 2987 quam
738 2895 768 2963 si
792 2910 871 2987 post
893 2895 1109 2984 agnitionem
1125 2891 1195 2964 Dei
1233 2911 1417 2980 -stronrm,
1451 2908 1486 2965 et
1515 2919 1726 2968 veneremur
1753 2900 1914 2968 doctores
1942 2893 2166 2988 superstites,
2203 2909 2243 2968 et

204 3011 240 3067 et
260 2996 325 3064 filii
348 2997 423 3065 eius
442 2995 581 3065 domini
599 2997 713 3066 nostri
727 2995 805 3066 lesu
821 2991 974 3080 Christi,
1001 3021 1080 3066 cum
1094 3009 1194 3064 tran·
1244 2997 1395 3084 illorum⁸
1409 2997 1574 3069 fidelibus
1594 2999 1739 3071 monitis
1754 3012 1956 3070 reverenter
1970 3017 2177 3090 pareamus,
2203 3008 2242 3067 et

204 3097 318 3191 quilla
341 3097 556 3167 conscientia
580 3097 732 3186 migrare
754 3122 795 3167 ex
813 3093 879 3168 hac
896 3121 1104 3168 aerumnosa
1122 3098 1194 3166 vita
1245 3099 1479 3188 adiungamus
1491 3101 1764 3182 invocationem,
1785 3101 1951 3171 ardenter
1964 3113 2121 3192 petentes
2134 3123 2241 3168 aver-

205 3211 304 3270 tanta
327 3197 528 3289 placiditate
551 3212 668 3292 queat.
732 3197 822 3268 Nam
847 3215 881 3270 et
903 3201 1056 3291 seipsum
1079 3199 1194 3268 morbi
1245 3200 1380 3270 sionem
1406 3215 1441 3272 et
1464 3201 1721 3292 mitigationem
1742 3203 2024 3295 impendentium
2047 3201 2241 3286 malorum,

206 3315 365 3392 tempore
393 3313 427 3370 et
455 3323 521 3370 nos
549 3301 701 3370 visentes
723 3301 838 3391 ipsum
862 3326 902 3371 ac
926 3302 1060 3371 doloris
1080 3302 1195 3372 nostri
1246 3317 1280 3374 et
1301 3305 1604 3374 conservationem
1623 3300 1861 3376 Ecclesiamm
1883 3318 1918 3376 et
1940 3299 2172 3388 Scholarum,
2199 3302 2243 3372 in

207 3401 307 3491 sigua
322 3403 566 3487 ostendentes,
590 3401 702 3472 verbo
715 3399 782 3472 Dei
799 3417 832 3473 et
849 3403 1050 3473 ostensione
1065 3404 1195 3474 volun·
1246 3405 1375 3498 quibus
1397 3419 1500 3476 sonat
1520 3431 1590 3476 vox
1604 3401 1811 3497 Evangelii,
1844 3419 1879 3477 ct
1901 3430 1966 3478 suo
1984 3407 2134 3500 quisque
2156 3405 2242 3476 loco

207 3503 289 3574 tatis
313 3503 455 3574 divinae
478 3517 511 3574 et
534 3505 810 3592 promissionum
833 3506 981 3576 mirifice
995 3506 1196 3576 consolatus
1246 3507 1374 3597 partim
1391 3507 1544 3578 fideliter
1557 3520 1591 3578 et
1607 3510 1728 3582 dextre
1743 3511 1924 3593 docendo,
1947 3507 2078 3600 partim
2092 3519 2243 3578 strenue

207 3617 279 3686 est,
313 3617 348 3676 et
367 3606 483 3696 palam
510 3607 697 3700 aliquoties
720 3609 898 3698 professus
926 3621 995 3694 est,
1033 3609 1135 3678 nullo
1159 3631 1195 3676 se
1246 3609 1428 3690 discendo,
1455 3623 1489 3680 et
1504 3610 1696 3705 utrobique
1709 3624 1802 3682 recte
1819 3625 1853 3682 et
1870 3611 1929 3703 pie
1942 3609 2110 3694 vivendo,
2134 3631 2263 3679 suam.

208 3706 401 3778 domestico
426 3719 487 3777 aut
520 3707 658 3799 privato
691 3711 815 3778 dolore
846 3710 944 3798 angi,
973 3713 1033 3779 sed
1057 3724 1194 3781 tantum
1245 3710 1483 3780 obedientiam
1505 3707 1582 3782 Deo
1612 3729 1780 3802 praestet,
1821 3725 1857 3782 et
1878 3725 2032 3806 expectet
2052 3711 2243 3797 auxilium,

207 3807 329 3878 animo
359 3809 508 3878 cruciari
531 3823 675 3900 propter
695 3805 787 3880 hanc
809 3811 1042 3882 insanabilem
1067 3813 1195 3882 distra-
1246 3812 1487 3882 defensionem
1515 3827 1548 3886 ct
1575 3837 1693 3884 veram
1720 3815 1999 3884 consolationem
2021 3839 2040 3884 a
2063 3805 2140 3882 lilio
2165 3809 2242 3884 Dei

208 3908 362 3982 ctionem
382 3911 587 3980 docentium
603 3911 643 3979 in
657 3907 825 3982 Ecclesiis
842 3926 954 3982 ortam
971 3937 1012 3982 ex
1029 3915 1194 3984 odiorum
1247 3915 1394 3984 domino
1425 3929 1546 3986 nostro
1571 3915 1649 3986 lesu
1673 3913 1837 4000 Christo,
1868 3915 1931 4010 qui
1962 3915 2125 4006 promisit
2152 3937 2244 3984 suae

208 4011 397 4082 acerbitate
420 4026 454 4082 et
474 4014 698 4108 quorundam
717 4015 894 4084 maliciosa
915 4011 1132 4106 Sophistica,
1155 4041 1196 4086 ex
1245 4013 1423 4087 Ecclesiae
1443 4029 1647 4112 perpetuam
1672 4039 1771 4088 suam
1794 4017 2044 4110 praesentiam,
2070 4018 2160 4087 sicut
2179 4017 2243 4085 in-

201 4135 279 4202 qua
302 4113 441 4184 dicebat
462 4113 668 4204 impendere
682 4115 834 4184 maxima
848 4116 1001 4206 pericula
1020 4113 1196 4187 Ecclesiae
1246 4119 1343 4213 quit:
1377 4143 1451 4189 non
1476 4121 1674 4214 relinquam
1700 4143 1762 4190 vos
1784 4114 1974 4212 orphanos.
2034 4116 2139 4188 ltem:
2170 4141 2241 4207 ego

206 4226 243 4283 et
271 4215 551 4307 rebuspublicis,
591 4229 627 4288 et
657 4213 775 4286 Deum
804 4219 970 4286 ardenter
997 4219 1196 4305 invocabat,
1246 4246 1306 4290 ero
1327 4222 1509 4291 vobiscum
1535 4223 1703 4292 omnibus
1723 4223 1849 4292 dicbus
1871 4237 1983 4316 usque
2003 4222 2049 4290 ad
2068 4241 2244 4290 consum-

206 4315 330 4386 mnltis
353 4317 600 4403 audientibus,
625 4332 666 4390 ut
687 4317 761 4410 ipse
786 4331 926 4389 sanaret
950 4321 1098 4389 vulnera
1123 4317 1195 4390 Ec·
1246 4323 1440 4392 mationem
1474 4325 1593 4398 seculi.
1651 4323 1893 4395 Abducuntur
1928 4321 1977 4416 pii
2005 4337 2040 4392 et
2064 4321 2242 4392 salutares

207 4415 333 4486 clesiae
349 4431 385 4488 et
402 4435 556 4492 servaret
571 4435 691 4491 coetus
705 4421 763 4512 pie
777 4422 979 4515 docentium
997 4435 1032 4493 et
1047 4423 1196 4492 audien·
1244 4421 1417 4495 Doctores
1439 4425 1613 4514 perfuncti
1634 4449 1699 4497 suo
1716 4423 1863 4496 munere
1884 4437 1918 4494 et
1938 4423 2097 4494 confecto
2119 4423 2242 4492 curri-

206 4516 570 4611 tium‘incorruptam
592 4517 780 4611 Evangelii
807 4524 1024 4607 doctrinam,
1058 4537 1093 4594 et
1112 4547 1195 4594 suae
1245 4527 1337 4604 culo,
1361 4529 1455 4620 quod
1472 4527 1557 4619 ipsis
1571 4527 1667 4600 Deus
1682 4527 1882 4598 mendavia
1907 4528 1966 4596 sed
1983 4549 2056 4594 non
2073 4539 2243 4616 propter-

206 4621 401 4691 constantis
413 4622 649 4692 confessionis
673 4625 773 4713 signa
796 4649 909 4718 usqne
929 4626 972 4694 ad
997 4638 1195 4696 extremum
1244 4651 1285 4698 ea
1315 4629 1491 4699 deseritur
1522 4651 1668 4721 prorsus
1692 4627 1850 4700 Ecclesia
1882 4653 1900 4696 a
1929 4627 2003 4698 ilio
2026 4627 2112 4712 Dei,
2151 4625 2241 4698 ideo

205 4719 300 4792 vitae
315 4716 465 4794 halitum
479 4725 662 4796 manifesta
679 4727 809 4808 edidit,
835 4751 916 4796 cum
938 4727 1088 4818 septimo
1105 4727 1194 4800 Par·
1244 4731 1388 4799 sedente.
1416 4731 1460 4799 ad
1484 4732 1643 4801 dextram
1670 4731 1804 4805 aeterni
1825 4727 1952 4820 patris,
1993 4741 2035 4800 nt
2055 4730 2115 4800 det
2138 4730 2239 4802 dona

208 4845 355 4918 oxysmo
395 4825 504 4896 febris
540 4827 712 4898 tertianae
743 4829 838 4898 vires
879 4832 1039 4920 corporis
1070 4831 1194 4902 vitales
1243 4826 1469 4914 hominihus,
1494 4828 1704 4925 Apostolos,
1730 4827 1943 4925 Prophetas,
1977 4826 2250 4920 Evangelistas,

206 4923 294 4995 adeo
313 4939 508 5016 prostratae
530 4927 697 5014 fuissent,
721 4945 761 5001 nt
783 4931 1001 5002 destillantes
1017 4931 1056 5001 in
1073 4947 1193 5024 pectus
1242 4930 1405 5002 Pastores
1419 4947 1453 5003 et
1465 4931 1655 5020 Doctores,
1679 4957 1769 5030 quos
1782 4957 1857 5005 non
1874 4945 2019 5025 repente
2033 4933 2119 5003 facit
2133 4953 2239 5002 surn-

207 5049 248 5094 ex
264 5021 427 5098 catarrho
443 5024 610 5101 humores
626 5031 751 5102 eiicere
764 5033 918 5123 amplius
932 5057 1005 5103 non
1020 5034 1191 5121 valerent,
1242 5057 1321 5103 mos
1337 5047 1373 5104 et
1387 5035 1696 5108 excellentissimos
1710 5038 1825 5120 donis,
1851 5036 1911 5106 sed
1924 5033 2024 5104 addit
2039 5057 2107 5104 usu
2126 5047 2162 5106 et
2176 5033 2238 5126 pia

205 5129 303 5198 nude
324 5129 496 5221 paulatim
518 5131 687 5224 impedita
709 5135 921 5225 spiratione,
952 5159 1016 5206 ceu
1043 5132 1192 5206 inchoa·
1242 5135 1493 5206 exercitatione
1526 5139 1741 5210 incrementa
1775 5142 1971 5222 donorum,
2009 5135 2238 5228 sicnt'expe-

204 5241 307 5300 turus
328 5255 492 5302 somnum
515 5235 786 5326 profundiorem
811 5237 949 5327 placide
963 5237 1192 5323 obdormivit,
1242 5237 1369 5308 rientia
1401 5251 1560 5314 testatur.
1616 5236 1695 5312 Etsi
1720 5239 1830 5331 igitur
1853 5239 1959 5310 talem
1987 5236 2233 5320 excellentiam

204 5329 350 5422 integris
374 5357 486 5430 ιιιᾳιιι
516 5338 558 5404 ad
582 5349 776 5406 extremum
802 5338 982 5422 sensibus,
1014 5351 1050 5410 et
1074 5353 1192 5412 mente
1241 5339 1487 5430 ingeniorum,
1512 5341 1628 5436 qualis
1647 5342 1685 5411 in
1708 5335 1866 5414 harthero
1889 5353 1924 5412 et
1936 5334 2177 5411 Melanthone
2198 5351 2234 5414 et

200 5435 392 5506 raeuotme
407 5436 478 5508 sibi
494 5449 696 5547 constante,
722 5437 758 5508 id
776 5440 871 5533 quod
895 5439 1043 5532 plurimi
1062 5436 1192 5515 autbo-
1239 5440 1319 5512 aliis
1333 5442 1548 5536 quibasdam
1564 5443 1636 5514 vita
1649 5443 1781 5514 functis
1795 5444 2002 5517 doctoribus
2014 5435 2122 5513 huius
2137 5454 2236 5512 aeta-
