4638 6172
73 283 132 360 tst
253 315 255 322 ’
795 295 1132 376 CARMINUM
1173 303 1282 384 LIB.
1329 311 1357 381 1.
2025 341 2103 420 432

69 451 125 527 No,
140 452 174 528 9,
581 538 587 552 .
874 497 923 538 en.
942 473 1037 542 152⁰.
1102 463 1224 559 Hane,
1249 477 1517 553 undeosficium
1531 484 1645 560 facilis
1660 499 1848 584 promebat
1862 509 1991 599 egenti,

869 563 1042 596 Μ

124 672 202 744 †Ex
218 675 386 750 suto'grspbo
408 677 437 733 in
458 679 521 737 eod.
539 679 683 755 flebdiger.
698 681 852 778 'vratislaw
895 687 1048 764 Descripsit

17 799 18 828 ρ
152 743 182 799 S.
198 742 228 798 V.
244 745 399 804 serranus.

114 902 374 1000 Προπεμτικὸν
392 907 446 982 ad
470 909 562 985 Iob.
589 917 788 988 Heroum
815 877 992 990 amioum.

66 1035 213 1130 Teutonas
232 1059 437 1136 Sarmaticis
455 1093 524 1162 qua
540 1067 658 1140 iuncta
678 1085 729 1144 est
744 1069 876 1144 finibus
891 1095 954 1142 ora

102 1159 246 1256 Quaque
262 1167 347 1236 rotis
364 1165 514 1256 bracho,
541 1173 690 1248 barbare
707 1171 851 1266 Quade,
876 1175 991 1264 brevi,

65 1257 164 1332 liciis
177 1268 330 1340 ducente
345 1271 412 1340 deo
429 1274 616 1368 ventisque
631 1276 798 1346 secundis

102 1362 225 1454 flesse,
250 1396 387 1446 memor
401 1377 600 1470 quondam,
627 1379 742 1449 dulcis
757 1379 889 1464 amice,
913 1379 995 1456 roei.

1150 571 1199 647 Et
1214 582 1420 670 tempestiva
1436 587 1528 657 forte
1544 589 1689 692 iuvabat
1704 623 1783 692 ope.

1101 672 1239 768 Quam,
1272 697 1459 780 postquam
1488 693 1770 790 notaacnota,
1798 729 1891 784 nova
1913 715 2015 808 copia
2034 741 2093 790 re-

1615 823 1694 872 Tum

1148 877 1400 959 Accumulatae
1416 891 1480 962 diu
1495 919 1570 967 non
1586 925 1730 974 vacuam
1748 933 1821 983 esse
1836 915 1934 994 sinit.

1095 975 1218 1054 Altera
1235 987 1324 1060 iacta
1340 992 1409 1064 fuit
1425 995 1455 1063 si
1472 1001 1582 1088 gratia
1599 1005 1690 1076 sorte
1704 1013 1846 1100 rediret,
1865 1059 1871 1070 ·

1147 1083 1299 1162 Munera
1315 1117 1405 1186 quae
1419 1101 1509 1186 grati
1528 1107 1696 1179 conderet
1713 1135 1792 1185 area
1805 1119 1886 1192 viri.

1094 1185 1164 1258 Sed
1188 1185 1282 1263 nibil
1306 1187 1377 1268 hur
1400 1201 1589 1297 quisquam
1611 1207 1753 1302 intuiit,
1777 1242 1928 1318 areaque
1948 1249 2088 1324 semper

1615 1311 1746 1403 inanis,

1143 1388 1290 1480 Officia,
1317 1403 1473 1495 indicio,
1500 1422 1623 1483 cuncta
1640 1419 1775 1508 perire,
1803 1426 1884 1497 fuit.

636 1475 827 1576 Philippus
852 1479 988 1554 Melan·
1046 1515 1048 1522 ‘
1090 1492 1294 1572 Simonides
1326 1503 1484 1581 Thecam
1521 1521 1742 1593 monstrabat
1778 1541 1986 1628 utramque,
2032 1539 2085 1609 la-

653 1608 774 1654 mense
793 1581 975 1658 Ianuario.

714 1683 911 1761 M.1).xx.
1029 1707 1035 1714 ·

58 2044 178 2170 Q

830 2065 894 2145 (n.
912 2065 1026 2150 προ.)

826 2157 1033 2192 m

143 2335 266 2396 Vincerat.
285 2340 379 2411 p.15!.

70 2491 319 2574 Ἰουλιανοῦ
348 2495 435 2574 ἀπὸ
467 2495 701 2600 ὑπάρχων
727 2507 1003 2611 αἰγυπτίου.

182 2647 338 2744 Στέφος
352 2648 498 2726 πλέκων
512 2647 601 2726 πόθ’
610 2706 623 2748 ,
648 2648 761 2756 εὗρον

182 2754 304 2836 ἐντοῖς
319 2747 440 2848 ῥόδοις
456 2753 576 2850 ἔρωτα

180 2851 249 2940 καὶ
263 2861 342 2930 τῶν
355 2863 500 2951 πτερῶν
515 2855 716 2955 κατασχών

182 2953 354 3058 isidore&
366 2963 420 3040 sic
430 2956 501 3034 ,τὸν
513 2957 631 3048 door,

179 3054 316 3156 λαβών
331 3057 366 3133 d'
385 3059 512 3135 ἔπινον
528 3059 658 3140 αὐτόν.

180 3161 249 3236 καὶ
262 3168 335 3237 νῦν
351 3159 423 3235 ἴσω
438 3169 563 3256 μελῶν
574 3191 651 3258 μου

179 3267 369 3364 πτεροῒσοι
382 3265 609 3366 γαργαλίζει.

409 3440 638 3528 Philippus.

236 3569 326 3642 Cum
342 3584 517 3642 nectorem
532 3575 715 3657 corollam,

236 3672 333 3743 Inter
345 3697 443 3744 rosas
458 3689 637 3767 repertum

234 3773 448 3866 Cupidinem
467 3773 642 3868 prehendi

234 3875 322 3962 Aia,
347 3903 516 3973 meroque
530 3901 692 3971 mergens

234 3979 313 4052 Una
328 3981 455 4050 imbibi
475 4007 667 4074 procacem.

232 4079 339 4152 Nunc
355 4083 416 4151 iile
431 4085 539 4154 saevit
555 4086 637 4154 imis

232 4181 326 4254 Puer
341 4179 431 4254 mihi
447 4185 486 4254 in
502 4187 679 4258 medullis.

39 4391 1014 4430 -——---—-—--—--.-...-——

37 4539 89 4620 No.
103 4549 162 4625 11.
827 4567 891 4647 (en.
902 4567 1013 4652 1520.)

833 4657 1006 4688 *m

90 4767 168 4836 Apud
184 4767 335 4824 Secerium.
369 4767 473 4824 lterum
487 4769 516 4826 iu
530 4791 593 4848 opp.
603 4773 674 4836 Met.
683 4775 743 4832 Bas.
752 4777 814 4834 Vol.
828 4777 861 4836 T.
870 4777 901 4838 V.
918 4781 1010 4856 post.

120 4847 146 4891 et
159 4838 234 4912 apud
248 4839 375 4898 Vincent.
393 4860 419 4914 p.
434 4841 495 4900 tos.

209 4999 269 5070 De
288 4995 436 5072 duabus
454 4997 574 5076 thecis
595 5005 811 5080 Simonidis.

33 5129 155 5214 Omnia
169 5159 256 5218 sunt
268 5147 423 5236 ingrata,
449 5143 541 5218 nibil
557 5152 678 5223 fecisse
691 5155 845 5248 benigne
858 5173 922 5243 est,

68 5239 193 5316 Debita
207 5271 272 5340 pro
294 5250 430 5328 meritis
451 5253 561 5340 gratia
577 5255 677 5326 nulla
692 5257 797 5335 redit.

27 5335 219 5418 Simonides
232 5351 335 5424 binas
350 5353 504 5444 ponebat
519 5354 558 5423 in
573 5359 721 5430 aedibus
737 5385 847 5452 arcas,

69 5441 216 5522 Ledaeis
230 5447 357 5524 charus
373 5454 541 5528 iratribus
557 5457 618 5528 ille
632 5483 749 5537 senex.

26 5559 194 5644 tusses.
219 5573 322 5640 Orsa.
348 5573 434 5644 Vos.
458 5574 507 5642 X.

1084 2397 1223 2428 m

1601 1621 1723 1692 horem

1139 1695 1280 1776 Aerive
1294 1709 1324 1778 si
1341 1726 1473 1804 peteret
1488 1733 1610 1792 mutua
1625 1723 1719 1796 farre
1733 1727 1876 1824 aliquis.

1086 1797 1135 1876 Et
1151 1819 1296 1880 testatus
1310 1837 1395 1904 opes
1410 1841 1447 1887 se
1465 1819 1567 1910 plena
1587 1824 1769 1900 effundere
1786 1829 1919 1920 Theca,

1137 1903 1209 1980 Pro
1223 1916 1357 1986 meritis
1374 1921 1514 1992 monuit
1528 1927 1685 2016 praemia
1700 1933 1799 2003 nulla
1816 1938 1905 2008 dari.

1091 2137 2080 2198 N

113 2268 184 2338 Apud
201 2222 366 2334 Seeeriumt
389 2271 454 2327 item
472 2271 502 2327 in
521 2291 585 2347 opp.
604 2274 686 2334 Basii.
704 2275 737 2335 T.
750 2277 783 2336 V.
802 2299 830 2353 p.
838 2279 899 2338 858.
918 2293 945 2338 et
958 2285 1031 2358 apud
1081 2297 1150 2375 No·
1170 2303 1229 2374 η,

1906 2363 1955 2410 sn.
1972 2345 2068 2418 tout.

1901 2436 2073 2469 m

1149 2521 1236 2606 Apud
1247 2523 1374 2586 Vincent.
1392 2547 1418 2601 p.
1426 2529 1491 2652 :68
1525 2533 1743 2660 t[liperdietiebon
1761 2547 1821 2631 sine
1837 2553 1921 2610 dubio
1934 2575 1982 2614 en.
1999 2564 2076 2620 tstt.

1181 2602 1424 2730 asama}
1443 2610 2075 2762 aassa·ss¹:a¹a·.attt²tat¹·s.ts

1182 2731 1307 2800 traseae
1325 2751 1358 2790 on
1377 2739 1512 2810 mutuet,
1536 2743 1653 2814 bensium
1673 2753 1803 2820 defruto:
1826 2763 1909 2822 tttbu
1927 2771 1991 2827 mss
2022 2773 2073 2840 tici

1180 2801 1241 2865 mid>
1260 2807 1330 2858 ott-'⁸
1346 2835 1382 2849 -
1417 2806 1505 2864 Faber
1522 2817 1606 2893 proto
1627 2828 1689 2872 ante
1707 2838 1739 2874 ex
1755 2825 1916 2888 constantie
1938 2837 1967 2892 in
1981 2838 2071 2896 auiam

1181 2868 1386 2946 Arcbiepiseopi
1401 2875 1561 2948 Mogontmi
1576 2897 1690 2942 rosetus
1702 2891 1800 2952 tuerat.

1146 3029 1192 3096 ln
1212 3031 1409 3107 Emserum
1430 2993 1480 3110 et*
1495 3041 1658 3119 Febrem
1678 3051 1997 3140 Antiisatlseruisos.

1074 3173 1244 3250 Emsems
1259 3205 1445 3273 caperest,
1471 3190 1628 3268 Fabrum
1644 3211 1843 3284 constantia
1859 3217 1979 3310 mittit,
2053 3201 2056 3211 .

1130 3277 1192 3352 {tte
1205 3286 1278 3354 suis
1294 3288 1401 3361 furnis
1416 3294 1552 3383 uritur,
1579 3293 1638 3386 bic
1655 3309 1783 3384 scabie.

1906 3734 1955 3776 an.
1971 3715 2064 3782 1⁶22.

1902 3807 2065 3834 *m

1138 3889 1221 3963 Apud
1234 3891 1327 3975 ¹Seeer.
1363 3893 1431 3954 item
1451 3899 1480 3957 in
1496 3923 1561 3980 opp.
1575 3908 1636 3967 stes.
1655 3912 1687 3972 T.
1698 3915 1731 3976 V.
1748 3937 1774 3991 p.
1783 3918 1844 3982 352.
1858 3939 1884 3983 et
1896 3934 1969 4006 apud
1986 3935 2063 3992 Vin·

1170 3972 1291 4016 muttum
1310 3982 1337 4036 p.
1354 3969 1411 4024 111.

1337 4183 1342 4192 .
1425 4136 1473 4204 ln
1497 4137 1713 4216 Hesiodum.

1118 4242 1159 4324 (i.
1175 4269 1201 4308 e.
1216 4252 1355 4314 inritatio
1370 4269 1404 4318 ut
1419 4260 1547 4324 studiosi
1564 4269 1701 4330 intersint
1715 4273 1838 4336 leotioni
1853 4276 2007 4368 Hesiodi.)

1168 4389 1313 4464 Ascraei
1329 4399 1423 4469 senis
1439 4405 1564 4494 optimi
1578 4403 1708 4482 Poetae

1168 4491 1281 4566 Vobis
1296 4523 1371 4570 cras
1386 4526 1449 4591 ego
1463 4529 1605 4576 carmen
1621 4513 1842 4609 auspicabor,
1955 4517 1958 4524 ¹

1165 4593 1233 4666 Cui
1252 4623 1324 4668 non
1342 4606 1513 4692 praeferat
1529 4633 1653 4682 aureas
1667 4641 1791 4690 arenas

1129 4719 1134 4726 ·
1167 4697 1266 4786 Quas
1281 4703 1395 4773 voluit
1410 4701 1546 4798 Tagus,
1572 4727 1632 4785 aut
1647 4740 1733 4808 opes
1748 4720 1893 4800 Sabaeis

1166 4799 1327 4888 Quantas
1343 4805 1434 4896 nigri
1450 4809 1585 4881 Arabes
1602 4815 1724 4908 legunt
1737 4823 1774 4893 in
1790 4831 1893 4918 agris,

1165 4899 1239 4992 Qui
1257 4905 1398 4978 virtutis
1414 4924 1522 4998 amat,
1547 4917 1701 5014 colitque
1716 4925 1870 5019 laudem,

1162 4999 1211 5078 Et
1227 5029 1343 5076 mores
1360 5011 1455 5082 volet
1469 5039 1593 5088 aureos
1610 5045 1745 5112 parare,

1161 5103 1386 5204 Naturaeque
1401 5113 1493 5184 vices
1510 5118 1629 5190 videre
1643 5127 1762 5213 miras,

1160 5205 1276 5279 Parvo
1294 5237 1381 5306 quas
1397 5217 1499 5289 docet
1515 5221 1552 5288 in
1570 5223 1661 5295 libro
1679 5225 1786 5302 Poeta

1159 5306 1307 5384 Graecis
1324 5339 1427 5410 quem
1446 5321 1578 5396 aedidit
1591 5320 1701 5400 Ascra
1716 5357 1798 5406 rure
1814 5339 1936 5430 parvo.

1367 5601 1416 5676 st
