4686 6172
234 288 326 374 067'

239 567 472 668 Propheticos
491 579 526 636 et
543 559 777 654 Apostolicos.
834 557 934 626 Idem
950 569 1069 626 coetus
1092 573 1230 646 semper

241 693 277 750 et
294 672 464 772 Symbola
489 663 720 759 adprobavit,
746 683 837 752 quae
863 681 1023 751 expresse
1046 671 1233 739 testantur,

242 781 282 850 in
298 775 441 850 Christo
459 773 548 842 duas
565 789 637 837 esse
661 777 824 844 naturas,
850 755 985 861 λόγον,
1010 774 1044 830 ει
1068 774 1233 828 naturam

245 875 464 961 humanam,
489 887 524 944 et
549 867 756 957 intelligunt
781 858 895 964 λόγον
913 855 1184 960 ὑφιστάμενον.

349 1077 565 1154 Constanter
580 1073 690 1164 igitur
704 1065 915 1142 Thammeri
939 1083 971 1138 et
987 1067 1157 1137 similium
1179 1066 1238 1133 lu·

146 1202 148 1206 ’
249 1211 348 1262 rores
370 1186 606 1263 detestamur,
632 1175 694 1270 qui
719 1167 977 1242 Mahometicas
1000 1165 1240 1262 blasphemias

254 1300 437 1384 spargunt.
489 1277 583 1369 Quia
606 1302 689 1346 vero
714 1289 854 1366 tempus
877 1297 952 1342 nnn
972 1273 1135 1343 concedit
1156 1293 1240 1361 pro-

252 1395 363 1466 ΠΜ
384 1383 661 1479 dl⁸P¹¹¹³fi⁰¹¹⁰m
692 1376 851 1461 inssimi’
883 1389 1021 1446 “mmm
1047 1371 1241 1489 clementii
1294 1437 1332 1505 in
1354 1436 1478 1506 multis
1498 1437 1769 1528 magnisrebus.
1821 1435 1912 1506 Vult
1931 1435 2022 1507 Deus
2041 1435 2076 1504 in
2091 1437 2234 1527 suppliciis

255 1497 388 1568 dictum
414 1486 592 1569 recitabo,
620 1481 684 1577 qui
703 1480 867 1550 adfirmat
892 1471 1005 1575 λόγον
1025 1477 1153 1560 luisse,
1179 1489 1243 1567 qur

256 1596 394 1670 dederit
416 1594 542 1681 legem.
595 1582 643 1658 Ει
665 1575 797 1675 inquit:
825 1579 909 1650 Ideo
926 1581 1056 1651 diserte
1073 1577 1242 1668 scriptum

260 1693 334 1771 esse
349 1690 413 1770 διὰ
428 1687 598 1786 μωσέως,
614 1711 688 1757 raon
702 1679 776 1756 ὑπὸ
789 1678 953 1776 μωσίως.
987 1681 1088 1754 Sicut
1103 1693 1138 1750 et
1150 1677 1245 1748 Pan-

261 1805 318 1873 lus
333 1797 465 1892 inquit:
492 1789 676 1865 Christum
694 1787 847 1857 adfuisse
857 1783 1022 1856 Patribus
1040 1786 1079 1853 in
1095 1785 1245 1850 deserto.

258 1902 308 1976 Et
333 1911 487 1971 vetustas
513 1896 564 1964 sic
592 1890 761 1979 intelligit
784 1887 952 1957 Paulum:
984 1885 1075 1958 ¹Per
1099 1907 1244 1953 martum

260 2001 490 2080 Mediatoris,
514 1997 648 2068 scilicet
664 1989 818 2077 Christi,
842 2003 878 2060 et
903 1989 1027 2060 dicunt
1051 2007 1246 2076 congruum

260 2107 389 2191 fuisse,
420 2117 459 2174 nt
482 2101 575 2170 lator
594 2096 681 2184 legis
708 2095 801 2163 idem
827 2105 916 2162 esset
938 2092 987 2176 is,
1019 2092 1139 2187 quiet
1165 2111 1247 2156 vere

261 2211 372 2301 legem
396 2205 552 2296 impleat.
602 2193 730 2272 Docta
755 2190 842 2264 haec
863 2196 979 2294 oratio
998 2209 1065 2276 est,
1091 2191 1150 2283 pie
1172 2213 1247 2259 eam

229 2339 232 2352 ¹
262 2305 515 2384 consideranti.

367 2493 475 2584 Quod
505 2513 587 2558 vero
612 2481 852 2556 Thammes-us
880 2475 1090 2550 horribilem
1124 2477 1211 2549 coni
1232 2521 1250 2532 -

265 2601 403 2672 sionem
427 2594 534 2666 efficit
549 2585 812 2670 Ethnicorum,
838 2580 1190 2664 Mahometistarum,
1217 2593 1251 2650 et

265 2700 464 2780 Ecclesiae,
484 2717 558 2764 non
574 2692 690 2762 solum
707 2687 917 2758 refutandus
933 2699 984 2755 est
999 2683 1173 2766 doctrina,
1190 2685 1248 2752 sed

267 2804 372 2875 etiam
388 2827 407 2870 a
425 2799 491 2892 piis
509 2792 775 2882 Magistratibus
793 2787 937 2879 capitali
960 2787 1137 2876 supplicio
1163 2785 1252 2854 adfr-

267 2906 414 2977 ciendos
429 2913 513 2970 erat.
566 2893 617 2966 Ut
630 2908 747 2964 autem
762 2890 895 2976 sciatis,
922 2888 1087 2982 qsraliltus
1105 2887 1251 2979 praesti-

267 3009 336 3098 giis
356 2999 623 3096 sophismarum
643 2997 759 3080 ludat,
793 2992 1023 3088 praecipuum
1052 2990 1128 3060 eius
1149 3013 1252 3080 argu-

144 3189 147 3198 ,
269 3123 429 3182 mentum
445 3103 613 3175 recitabo.

321 3257 457 3334 Gentes
473 3267 607 3330 norunt
620 3249 817 3346 potentiam
834 3245 913 3320 Dei.
943 3243 1051 3319 Rom.
1069 3247 1103 3317 1.

320 3359 485 3435 Christus
501 3373 551 3430 est
566 3353 723 3449 potentia
742 3348 821 3422 Dei.
851 3351 870 3419 1
889 3343 1053 3420 Corinth.
1073 3351 1107 3424 1.

321 3463 419 3558 Ergo
435 3461 568 3535 Gentes
581 3468 717 3528 norunt
730 3449 924 3526 Christum.

373 3631 535 3723 lta'male
550 3644 697 3718 detortis
710 3642 815 3713 Pauli
831 3638 956 3723 dictis,
975 3637 1138 3708 stabilire
1151 3632 1256 3707 teter-

272 3755 363 3826 rima
384 3751 567 3823 mendacia
590 3760 750 3817 conatur.
801 3741 1033 3814 Manifestum
1064 3753 1133 3824 est,
1158 3737 1254 3808 Pau·

274 3861 349 3931 lum
373 3857 417 3926 ad
441 3853 626 3927 Romanos
652 3849 751 3941 loqui
784 3848 829 3916 de
866 3842 1024 3935 potentia
1057 3842 1256 3928 creationis,

274 3959 419 4056 quaein
439 3951 513 4027 ιοιο
530 3965 678 4022 ιιειιιιεε
698 3949 825 4019 ordine
840 3945 1066 4036 conspicitur.
1112 3941 1159 4013 Et
1178 3945 1255 4037 qui-

275 4065 355 4134 dem
374 4061 429 4130 lex
451 4058 556 4127 insita
578 4040 756 4122 mentibus
776 4044 982 4130 hominum,
1004 4047 1258 4116 demonstratio

275 4166 422 4235 immota
437 4173 506 4246 est,
529 4155 719 4235 ostendens
735 4175 807 4222 csse
821 4147 957 4232 Deum,
972 4159 1006 4218 et
1023 4171 1096 4216 esse
1114 4148 1257 4240 sapien·

274 4281 365 4350 tem,
390 4286 567 4342 veracem,
595 4259 751 4336 bonum,
778 4253 991 4332 beneficum,
1017 4249 1169 4331 iustum,
1201 4275 1257 4319 ca-

276 4383 391 4449 stum,
424 4362 600 4432 vindicem
626 4359 807 4429 scelerum.
834 4353 933 4426 ”Sed
962 4352 999 4420 in
1027 4347 1188 4443 Epistola
1212 4353 1255 4422 ad

275 4461 484 4542 Corinthios
504 4462 616 4556 capite
630 4459 768 4553 primo,
793 4457 955 4552 loquitur
970 4451 1103 4522 Paulus
1127 4456 1171 4522 de
1193 4477 1257 4546 pn-

274 4571 385 4644 tentia
400 4565 624 4644 salvationis,
649 4585 738 4656 quae
756 4575 849 4632 certe
865 4557 984 4648 ignota
1004 4555 1073 4625 suit
1085 4557 1252 4638 omnium

275 4689 514 4746 creaturarum
537 4665 751 4756 sapientiae,
774 4675 964 4754 antequam
986 4683 1005 4728 a
1030 4657 1103 4726 lilio
1132 4681 1173 4728 ex
1195 4683 1252 4729 ar-

273 4801 362 4848 cano
379 4771 527 4843 consilio
543 4765 741 4838 divinitatis
756 4761 891 4857 prolata
908 4775 960 4834 est
975 4760 1175 4854 promissio.

374 4959 513 5029 Harum
541 4953 776 5024 maximarum
803 4973 922 5020 rerum
949 4945 1145 5016 doctrinam
1179 4959 1254 5018 stu·

173 5129 179 5138 .
273 5063 381 5150 diosc,
397 5061 592 5140 discanurs,
618 5069 653 5125 et
676 5065 796 5124 contra
822 5046 1058 5142 Sophisticam
1084 5072 1149 5118 nos
1173 5073 1254 5120 mu-

272 5167 423 5238 niamus.
480 5157 558 5231 Oro
582 5173 698 5229 autem
721 5155 834 5224 lilium
849 5149 936 5238 Dei,
961 5149 1157 5220 Dominum
1186 5177 1253 5222 ιιο-

216 5250 221 5258 ’
271 5284 384 5341 strum
412 5265 524 5334 lesum
552 5255 758 5345 Christum,
783 5269 824 5328 ut
846 5279 912 5326 nos
929 5256 1070 5339 doceat,
1095 5265 1192 5344 regat
1216 5267 1252 5326 et

270 5381 438 5464 protegat.
488 5361 616 5435 Amen.

805 265 1240 373 Quansrrouns
1274 271 1682 355 acannnrcan

237 465 455 547 clesiamDei
467 481 540 534 csse
556 456 653 539 hunc
668 469 820 540 coetum,
845 454 908 547 qui
925 451 1099 546 adprobat
1115 449 1243 520 libros.

1289 453 1356 528 No.
1374 455 1435 528 68.

1288 552 1461 580 Μ

1386 671 1419 725 ln
1433 670 1595 741 Quaestion.
1609 689 1638 744 p.
1656 667 1727 726 itt!b
1739 687 1800 742 sqq·

1287 877 1489 966 Responsio
1515 879 1563 949 D.
1592 881 1752 972 Georp.
1777 879 1984 978 Maioris
2008 874 2054 948 nd
2078 885 2232 972 quaestio·

1289 999 1398 1048 nem:
1428 983 1561 1052 Utrum
1576 981 1783 1052 secundam
1806 982 1974 1070 scriptus
1998 981 2091 1077 lepes
2108 985 2153 1053 sit
2167 1006 2232 1076 pre

1643 1079 1927 1158 nuntiandum?

1292 1217 1456 1302 Omnino
1490 1256 1614 1302 verum
1646 1246 1716 1318 est,
1758 1226 1853 1302 hanc
1887 1230 2064 1324 politicam
2096 1228 2234 1304 iusticiam

1292 1337 1457 1404 umbram
1477 1358 1550 1404 esse
1567 1349 1602 1405 et
1626 1335 1920 1424 significationem
1944 1336 1988 1403 de
2009 1333 2171 1404 voluntate
2187 1333 2235 1406 llei

1295 1540 1540 1632 praesentibus
1562 1536 1822 1610 homicidarum
1852 1563 1918 1608 nos
1948 1539 2188 1608 commoneheri
2207 1541 2236 1609 de

1296 1654 1446 1712 venturo
1461 1642 1614 1725 iudicio,
1640 1643 1679 1712 in
1698 1665 1769 1734 quo
1786 1641 1948 1710 omnium
1971 1639 2092 1732 impias
2107 1643 2235 1710 volunta·

1296 1759 1347 1814 tes
1364 1758 1399 1812 et
1414 1744 1570 1814 actiones
1594 1745 1815 1814 iudicaturus
1836 1756 1898 1816 est.
1952 1742 2003 1814 lta
2026 1743 2098 1814 vult
2116 1741 2235 1834 conspici

1298 1848 1335 1915 in
1350 1846 1609 1936 gubernatione
1623 1839 1779 1916 humana
1803 1845 1997 1914 discrimen
2016 1869 2144 1915 severae
2163 1845 2235 1914 iusti·

1299 1949 1390 2035 ciac,
1414 1962 1449 2018 et
1466 1935 1672 2042 adquitatis,
1699 1972 1788 2041 quae
1805 1949 1932 2018 usitate
1951 1941 2234 2018 nominaturs'msi·

1299 2077 1397 2136 κεια,
1424 2065 1463 2122 ιιι
1487 2053 1664 2120 discamus
1688 2047 1923 2140 Evangelium
1954 2073 2030 2119 esse
2051 2047 2235 2120 clementissi·

1300 2178 1393 2222 mam
1417 2147 1611 2226 ἐπιείκειαν
1640 2151 1882 2222 severissimae
1912 2151 2003 2243 legis
2026 2151 2163 2226 divinae.
2200 2145 2231 2218 llt

1300 2279 1366 2347 pro
1388 2250 1455 2325 hac
1472 2251 1643 2327 ἐπιείκεια
1662 2255 1869 2325 ardentibus
1890 2254 2090 2344 pectoribus
2111 2253 2164 2345 ipsi
2176 2273 2227 2342 gra·

1301 2358 1367 2428 tias
1380 2380 1534 2447 agamus.
1588 2356 1730 2446 Quanta
1746 2357 1888 2428 bonitas
1908 2372 1978 2443 est,
2003 2359 2097 2452 quod
2112 2352 2178 2426 haec
2192 2355 2229 2420 in·
2289 2385 2290 2430 ι

1302 2454 1428 2529 choata
1448 2461 1650 2530 obedientia
1669 2461 1707 2530 in
1725 2461 1846 2546 nobis,
1873 2483 1963 2552 quae
1982 2453 2096 2530 adhuc
2111 2459 2235 2550 plenaest

1303 2563 1481 2648 sordium,
1506 2576 1625 2634 tamen
1640 2559 1716 2634 Deo
1732 2563 1864 2656 placet,
1890 2561 2027 2634 etiamsi
2049 2561 2159 2656 procul
2171 2559 2236 2628 aba
2289 2569 2290 2580 ³

1303 2690 1322 2734 a
1345 2664 1432 2754 legis
1458 2665 1690 2756 perfectione:
1742 2661 1839 2736 Haec
1853 2665 1959 2736 nobis
1982 2689 2062 2736 cum
2077 2665 2153 2735 alias
2169 2680 2237 2748 saepe

1303 2767 1487 2855 cogitanda
1504 2782 1608 2851 sunt,
1634 2781 1709 2838 tum
1723 2791 1807 2836 vcro
1823 2768 2033 2858 diligentius
2047 2767 2142 2839 etiam
2157 2759 2237 2834 consi-

1305 2870 1478 2954 deranda,
1504 2869 1641 2962 quotics
1665 2870 1703 2937 in
1729 2871 1823 2954 foro,
1850 2869 1887 2938 in
1906 2870 2025 2953 curia,
2048 2883 2106 2940 aut
2121 2867 2154 2936 in
2169 2860 2238 2934 scha-

1304 2971 1349 3040 lis
1381 2967 1450 3040 hoc
1476 2973 1580 3041 dulce
1607 2995 1739 3041 nomen
1763 2966 1951 3052 ἐπιεικείας
1983 2972 2160 3068 audimus..
2194 2959 2238 3035 Sti
2289 2963 2290 2970 ἵ

1305 3097 1401 3143 nunc
1418 3075 1462 3142 ad
1481 3075 1724 3168 quaestionem
1738 3088 1833 3145 tuam
1850 3075 2061 3167 respondeo.

1409 3277 1560 3348 Pmrsus
1583 3303 1708 3376 verum
1731 3292 1801 3362 est,
1828 3278 1890 3347 ubi
1909 3278 2062 3372 scriptae
2082 3280 2164 3367 leges
2178 3281 2241 3346 sunt

1306 3381 1619 3474 pronunciandum
1634 3405 1707 3450 esse
1724 3381 1820 3450 iuxta
1839 3381 2032 3473 scriptum,
2057 3382 2093 3450 in
2114 3400 2198 3460 casu,
2215 3371 2243 3440 dt

1307 3509 1378 3576 quo
1402 3483 1457 3554 lex
1479 3483 1724 3575 principaliter
1746 3483 1915 3576 loquitur.
1968 3481 2039 3556 Sed
2062 3479 2161 3552 vicini
2176 3493 2244 3546 casas

1307 3587 1412 3656 multi
1426 3585 1607 3669 incidunt,
1633 3585 1671 3654 in
1689 3585 1820 3678 quibus
1834 3586 2032 3676 probabilis
2048 3585 2134 3656 ratio
2148 3579 2244 3652 suadet

1307 3687 1539 3778 mitigandam
1569 3711 1642 3756 csse
1671 3689 1757 3776 legis
1787 3689 2044 3762 arcerlvitatem.
2100 3685 2160 3756 llic
2179 3700 2245 3750 con-

1308 3793 1526 3860 mouelactus
1543 3788 1650 3860 ludex
1674 3785 1738 3858 hac
1755 3813 1856 3858 voce:
1883 3789 2126 3860 Misericordia
2142 3790 2247 3875 superet

1308 3893 1490 3970 iudicium,
1507 3905 1619 3982 potest
1633 3891 1791 3982 mitigare
1808 3891 1936 3978 legem:
1961 3895 2022 3962 sed
2039 3886 2197 3984 probabili
2209 3903 2247 3950 ιε

1307 3996 1418 4069 tinne.
1451 3993 1553 4065 Sicut
1567 4007 1599 4063 et
1619 3993 1716 4064 Deus
1733 4019 1808 4062 uon
1824 3994 1900 4062 sine
1917 4019 2022 4064 causa
2040 3993 2246 4082 mitigaturus

1307 4097 1439 4186 legem,
1473 4099 1533 4164 sed
1558 4097 1773 4167 tristissimas
1794 4119 1927 4187 poenas
1950 4121 1970 4166 a
1995 4097 2069 4165 filio
2093 4120 2151 4187 pro
2172 4083 2247 4158 nobit

1309 4200 1430 4289 poscit.
1482 4196 1622 4270 Deinde
1636 4223 1701 4268 nos
1716 4219 1858 4292 quoque
1871 4215 1998 4270 onerat
2009 4199 2195 4288 ingentibus
2208 4211 2248 4256 ae·

1307 4303 1462 4386 cumnis,
1486 4315 1526 4371 ut
1543 4301 1831 4370 commonefaciat
1853 4324 1918 4369 nos
1938 4305 2032 4372 etde
2054 4324 2112 4370 sua
2134 4290 2248 4368 iusticia

1306 4417 1342 4474 et
1359 4405 1402 4473 de
1418 4403 1623 4488 clementia,
1650 4429 1718 4495 qvia
1736 4397 1800 4474 has
1823 4402 1918 4494 ipsas
1932 4427 2065 4490 poenas
2080 4403 2212 4488 mitigat,
2225 4401 2248 4456 el

1306 4507 1450 4576 tandem
1466 4505 1578 4588 tollit,
1604 4507 1643 4575 a'c
1665 4505 1776 4574 inira
1801 4527 1862 4574 sua
1889 4502 2143 4574 misericordiae
2162 4513 2249 4568 recor·

1306 4609 1421 4680 datur.
1479 4605 1584 4696 Quod
1613 4622 1653 4678 ut
1677 4608 1798 4691 saciat,
1825 4621 1856 4676 et
1884 4607 2028 4699 publice
2056 4623 2088 4676 et
2119 4597 2247 4696 privatim

1307 4733 1437 4800 poenas
1454 4709 1573 4793 leniat,
1599 4723 1674 4778 toto
1690 4733 1770 4777 eum
1786 4720 1928 4798 pectore
1941 4733 2018 4778 oro.
2072 4697 2248 4794 longioris

1305 4814 1512 4902 qaraestione
1527 4807 1593 4884 hac
1607 4811 1800 4903 disputatio
1825 4804 1883 4881 hic
1906 4811 2046 4882 recitari
2070 4834 2139 4880 nou
2158 4809 2249 4898 potstl·

1304 4911 1401 4985 Dixi.
