4666 6170
100 283 177 359 287
462 277 724 381 semera·
750 279 827 357 Ab
861 275 1061 356 VITAM
1092 277 1169 355 ET
1201 277 1447 360 OBITUM
1477 278 1789 364 MELANTH.
2074 283 2153 362 288

104 479 200 539 mus,
233 477 424 550 nunquam
447 457 509 529 ille
523 472 599 532 toto
615 451 686 528 hoc
702 457 821 528 morbi
838 469 998 550 tempore
1013 455 1100 526 alibi
1154 470 1189 527 et
1210 479 1315 528 mane
1335 453 1425 530 bora
1448 461 1603 532 secunda
1625 460 1664 531 in
1679 459 1811 532 lectulo
1824 479 1862 532 se
1880 460 2049 553 erigeret,
2073 483 2151 531 me·

103 583 208 656 quem
227 559 272 630 in
296 559 463 632 cubiculo
485 584 573 650 suo,
605 585 677 656 quo
696 584 762 654 per
784 560 957 632 scalarum
970 561 1101 652 gradus
1154 559 1254 632 dicus
1287 563 1332 632 ad
1365 585 1446 632 euro
1477 563 1636 650 accessit,
1676 563 1729 634 ibi
1755 567 1800 634 de
1821 578 1925 636 nocte
1946 563 2149 658 praeterita,

103 661 254 734 sedecim
276 664 543 736 ascendendum
564 665 598 736 ei
622 675 715 750 erat,
746 677 956 755 pernoctare
975 661 1101 746 voluit,
1154 663 1295 756 qualem
1309 659 1488 736 habuisset
1503 665 1741 756 significabat,
1766 681 1801 738 et
1814 669 1911 762 quod
1926 667 2070 739 somnos
2084 661 2152 738 ha·

102 779 208 860 atque
230 764 336 838 utin
359 767 505 838 caeteris
520 767 705 850 omnibus,
735 766 784 838 ita
800 766 907 837 etiam
921 767 962 836 in
979 759 1047 836 hac
1062 788 1101 834 re
1154 765 1305 852 buisset,
1330 779 1372 837 ut
1385 768 1599 861 loquebatur
1612 785 1755 856 tenues,
1781 771 1921 864 aliquos
1937 784 2073 856 tamen,
2099 769 2150 840 si·
2256 835 2262 846 ,

101 869 170 940 sibi
192 891 272 940 non
288 869 464 961 pepercit,
490 893 606 965 neque
624 869 912 959 defatigationem
928 868 1052 940 itionis
1067 880 1102 938 et
1154 867 1264 960 bique
1286 869 1417 940 iterum
1439 895 1502 962 per
1524 871 1680 965 quietem
1696 872 1851 946 oblatam
1869 873 2052 966 paulinam
2067 893 2149 942 sen-

102 970 322 1044 sscensiouis
343 972 425 1042 talis
448 975 588 1064 refugit.
637 968 693 1042 Eo
715 973 825 1063 igitur
837 986 913 1044 tum
929 973 1102 1060 deductus
1154 971 1317 1041 tentiam:
1345 970 1492 1043 Silleus
1507 975 1700 1067 pronubis,
1713 975 2015 1069 quiscontranos.
2041 973 2147 1048 Post-

102 1073 240 1168 plscide
266 1075 536 1158 obdormiebat,
575 1078 726 1146 durante
750 1099 878 1145 somno
903 1074 967 1144 illo
988 1075 1101 1142 ferme
1154 1097 1195 1143 ea
1216 1076 1262 1144 ad
1277 1073 1415 1166 priores
1429 1071 1473 1170 ³⁰)
1496 1079 1697 1173 quaerelas,
1731 1080 1776 1148 de
1798 1073 1978 1150 Ecclesiae
2001 1077 2149 1158 calami-

102 1199 212 1272 usqne
227 1178 275 1248 ad
298 1178 534 1270 vespertinam
550 1193 695 1251 sextam.
749 1175 888 1248 Interea
903 1177 1102 1248 affereban-
1154 1176 1287 1247 tatibus
1323 1179 1481 1261 redibat,
1524 1193 1560 1250 et
1597 1183 1890 1253 contestationem
1924 1181 2060 1252 doloris
2091 1180 2147 1252 sui

102 1295 157 1352 tur
179 1279 309 1352 literae
328 1281 374 1352 ab
389 1281 511 1352 amicis
524 1305 566 1352 ex
579 1295 737 1353 mercatu
754 1277 1042 1352 Francolorteusi
1058 1279 1102 1348 de
1153 1291 1301 1374 propter
1315 1273 1399 1366 has,
1425 1294 1460 1352 et
1475 1283 1768 1372 significationem
1786 1285 1881 1376 spei,
1907 1307 2015 1379 quarn
2035 1279 2148 1355 habc-

102 1382 287 1476 suppliciis
304 1382 449 1475 piorum
472 1379 659 1456 hominurn
681 1384 721 1453 in
738 1379 877 1468 Gallia,
903 1381 1102 1476 dequibus
1153 1395 1208 1452 ret
1231 1383 1275 1452 de
1297 1383 1503 1474 posteritate
1529 1385 1700 1477 optimam
1717 1383 1757 1483 ³¹)
1786 1399 1933 1480 propter
1962 1387 2148 1481 perspicue

104 1509 178 1558 mm
201 1499 288 1578 post
311 1510 477 1556 somnum
495 1489 542 1558 ad
557 1511 638 1558 eum
656 1487 868 1572 referretur,
892 1481 1022 1556 Nullos
1036 1485 1101 1554 do·
1154 1484 1360 1576 explicatam
1386 1501 1590 1559 nostrarum
1606 1484 1845 1560 Ecclesiarum
1868 1489 2090 1574 doctrinam,
2113 1501 2149 1560 et

108 1589 192 1660 iores
213 1589 380 1680 corporis
401 1589 457 1660 sui
480 1601 599 1660 tantos
621 1613 695 1660 esse
720 1589 878 1673 dicebat,
903 1586 1031 1682 quanti
1046 1608 1102 1654 es-
1154 1601 1235 1658 vota
1258 1611 1323 1679 pro
1344 1585 1501 1660 Ecclesia
1526 1590 1697 1662 miscebat
1720 1593 1879 1663 ardentia
1905 1595 1950 1664 ad
1973 1591 2090 1664 Deum
2112 1605 2149 1662 et

108 1705 175 1762 sent
206 1691 326 1762 animi
357 1705 503 1784 propter
535 1689 715 1764 Ecclesiae
748 1691 837 1762 tales
875 1691 1102 1773 calamitates,
1153 1689 1303 1778 gemitus
1318 1685 1382 1780 ³²),
1407 1705 1514 1784 atque
1528 1693 1576 1764 ita
1594 1695 1778 1786 productis
1794 1720 1874 1766 cum
1888 1717 2019 1786 genero
2035 1717 2147 1788 usqne

105 1817 189 1888 quae
218 1807 439 1884 augerentur
471 1795 763 1868 distractionibus
785 1817 860 1864 non
882 1791 1100 1870 necessariis,
1154 1794 1199 1862 ad
1230 1793 1372 1862 tertiam
1403 1794 1609 1889 colloquiis,
1651 1821 1692 1868 eo
1724 1812 1885 1891 tempore
1907 1798 2081 1869 deductus
2105 1819 2148 1867 ex

105 1910 135 1967 et
153 1897 294 1968 malitia
317 1921 359 1968 ac
377 1899 576 1990 petulantia
599 1922 741 1983 eorum,
767 1897 830 1990 qui
853 1919 934 1965 cum
959 1920 979 1965 a
996 1894 1101 1964 nobis
1153 1895 1317 1966 cubiculo
1340 1896 1410 1966 suit
1433 1897 1478 1967 ad
1493 1898 1669 1969 lectulum
1684 1899 1788 1971 illum
1805 1901 1997 1971 viatorium
2012 1900 2051 1968 in
2066 1921 2149 1970 mu·

104 1999 344 2072 discessiment
360 1989 507 2093 praeter
524 2025 664 2072 causam
690 1999 839 2068 immani
856 1991 899 2086 ²⁶)
923 1998 1009 2069 odio
1033 2021 1101 2066 no-
1152 2021 1233 2068 saeo
1251 1998 1475 2074 collocatum.
1507 1997 1564 2070 lbi
1580 2014 1656 2072 tum
1671 2004 1865 2073 obversans
1879 2001 2147 2096 aliquantisper,

104 2096 277 2172 strinihil
291 2127 367 2174 non
383 2105 597 2175 molirentur
612 2115 647 2173 et
660 2115 846 2195 parcerent
862 2100 1011 2182 nemini,
1037 2101 1101 2169 de-
1153 2113 1272 2191 postea
1295 2102 1483 2188 decubuit,
1515 2125 1695 2173 sermones
1718 2100 1834 2177 habiti
1857 2129 1923 2198 pro
1949 2103 2148 2176 occasioni-

104 2229 168 2298 que
187 2199 259 2276 hac
274 2229 315 2276 re
328 2206 439 2279 multa
457 2208 613 2298 graviter
628 2219 795 2300 quaestus
810 2217 862 2276 est
875 2199 938 2297 ²⁷),
964 2217 1004 2274 ut
1020 2225 1100 2294 per·
1152 2203 1218 2273 bus
1234 2203 1344 2285 varii,
1370 2203 1484 2274 donec
1500 2206 1798 2292 obdormisceret,
1829 2220 1866 2278 et
1879 2203 1922 2302 ³³)
1941 2207 2037 2278 inter
2061 2207 2148 2276 dor-

104 2307 344 2379 turbationem
361 2331 526 2399 magnam
542 2331 616 2378 esse
636 2322 835 2400 appareret.
888 2304 1011 2400 ltaque
1032 2299 1100 2373 hoc
1151 2305 1337 2376 miendum
1360 2306 1488 2378 leniter
1510 2311 1702 2399 respiraret
1725 2335 1764 2380 ac
1786 2310 1958 2392 suaviter,
1984 2323 2026 2381 ut
2044 2309 2146 2378 vide-

102 2423 172 2482 tum
190 2411 382 2501 agebatur,
407 2425 448 2482 ut
467 2396 673 2482 recitatione
690 2411 872 2480 literarum
892 2409 1014 2478 minus
1034 2407 1101 2478 tri·
1150 2422 1252 2479 retur
1276 2408 1415 2500 placide
1443 2410 1635 2503 quiescere.
1697 2409 1753 2482 Ex
1786 2407 1855 2482 hoc
1887 2411 2147 2504 expergefactus

81 2513 207 2604 ‚stium
232 2503 268 2584 et
289 2515 515 2585 sermonibus
530 2514 636 2585 etiam
653 2513 843 2584 astantium
861 2507 1100 2610 hilariusculis
1151 2535 1278 2580 somno
1297 2506 1341 2606 ³⁴)
1363 2511 1454 2580 circa
1480 2507 1606 2582 horam
1635 2527 1768 2585 sextam
1798 2515 2030 2602 matutinam,
2063 2537 2145 2586 cunr

103 2615 263 2686 adolore
279 2617 532 2704 abduceretur,
557 2641 629 2710 quo
647 2631 681 2688 ct
695 2618 892 2708 profectum
915 2612 986 2682 fuit
1005 2637 1100 2681 non-
1151 2612 1300 2704 capillus
1325 2613 1359 2680 ei
1387 2613 1569 2684 videretur
1595 2614 1756 2704 longior,
1796 2614 1885 2708 petit
1907 2641 1928 2687 a
1949 2639 2081 2708 genero
2104 2629 2146 2688 ut

103 2713 216 2804 nihil,
235 2717 358 2790 Multa
375 2721 469 2790 enim
483 2734 602 2812 postea
619 2733 653 2789 et
668 2717 825 2789 suaviter
838 2715 957 2786 omnia
974 2715 1100 2809 loque-
1150 2709 1248 2784 hunc
1270 2714 1342 2784 sibi
1363 2718 1598 2806 praecideret,
1628 2719 1730 2790 cuius
1759 2719 1960 2791 ministerio
1991 2720 2037 2790 ad
2066 2741 2145 2790 eam

105 2821 224 2908 batur,
251 2823 297 2892 ad
322 2824 561 2914 praesentium
585 2845 792 2894 sermonum
814 2819 1034 2900 occasiones,
1059 2830 1100 2888 ut
1150 2841 1225 2888 rem
1249 2839 1389 2910 semper
1407 2819 1461 2890 uti
1484 2819 1641 2912 solebat,
1683 2846 1754 2916 quo
1778 2823 1871 2892 lacto
1895 2822 2003 2894 etiam
2031 2835 2145 2894 vestes

111 2923 197 2994 iocos
215 2923 325 2997 etiam
341 2937 374 2996 et
391 2927 482 2996 risus
499 2939 703 3016 usurparet,
730 2947 882 3018 cumque
900 2945 937 2992 se
952 2915 1101 3014 praebe·
1150 2921 1262 2992 lineas
1293 2921 1450 2992 internas
1486 2936 1643 3010 mutare,
1678 2925 1845 3020 qualibus
1878 2927 1924 2998 ad
1949 2925 2144 2996 fovendum

115 3037 176 3112 ret,
210 3039 254 3099 ut
287 3027 393 3100 multi
426 3053 509 3100 cum
542 3029 735 3098 certissima
762 3051 823 3120 spe
849 3025 1100 3095 convalescen-
1150 3023 1303 3094 calorem
1325 3025 1483 3116 corporis
1506 3025 1629 3096 senilis
1650 3028 1705 3098 uti
1730 3041 1961 3100 consueverat
1982 3051 2001 3100 a
2019 3026 2145 3098 multis

111 3127 172 3198 tiae
185 3123 231 3227 ²⁸)
257 3129 323 3200 illo
345 3155 489 3224 vespere
510 3133 615 3203 abeo
633 3129 866 3202 discederent.
919 3126 1100 3197 Produce-
1151 3125 1256 3194 annis
1271 3127 1491 3218 triplicibus,
1525 3153 1597 3199 una
1615 3153 1724 3220 super
1736 3131 1806 3202 alia
1829 3131 1994 3210 inducta,
2023 3125 2143 3202 Etiam

107 3231 234 3304 bantur
259 3232 322 3303 illa
345 3235 541 3330 colloquia,
564 3235 663 3330 ¹quod
687 3233 732 3302 iis
754 3229 921 3302 delectari
936 3229 1099 3300 animad-
1149 3228 1399 3300 redimiculum
1419 3253 1553 3300 novum
1578 3234 1686 3324 capiti
1708 3235 1868 3304 sumebat
1891 3234 1936 3302 de
1953 3255 2081 3324 genere
2098 3229 2145 3300 li·

108 3349 300 3408 verteretur
318 3336 429 3407 ferme
453 3361 566 3433 usque
590 3339 635 3406 ad
650 3331 777 3408 horam
788 3347 964 3406 octavam.
1016 3327 1100 3420 Quo
1149 3355 1300 3402 neorum
1324 3333 1469 3402 illorum
1492 3332 1652 3426 qualium
1677 3359 1742 3428 per
1762 3348 1883 3406 noctes
1903 3358 1989 3406 usus
2004 3349 2074 3415 est,
2110 3345 2146 3404 et

107 3449 261 3532 tenpore
280 3461 362 3510 cum
381 3439 492 3534 quieti
513 3463 549 3509 se
567 3441 651 3510 dare
668 3439 792 3523 vellet,
817 3437 960 3508 condita
982 3457 1099 3504 cerasa
1148 3434 1224 3526 ipse
1239 3434 1334 3506 inter
1350 3435 1414 3506 diu
1428 3458 1568 3528 semper
1582 3438 1680 3506 domi
1700 3439 1886 3524 utebatur,
1919 3461 2031 3532 eaque
2050 3437 2090 3506 in
2105 3459 2144 3510 re

109 3543 304 3613 assumebat
326 3543 463 3638 aliquot
483 3555 519 3615 et
541 3543 616 3612 vini
640 3537 846 3613 baustulum
870 3561 1003 3618 unum,
1037 3534 1100 3630 qui
1149 3537 1442 3632 se‘propinquum
1459 3561 1562 3608 suum
1572 3532 2015 3610 Ioannechuclsls'num
2025 3539 2144 3610 virum

108 3641 169 3714 fuit
193 3637 343 3715 haustus
364 3645 464 3716 illius
488 3659 706 3740 postremus,
732 3659 773 3716 ut
790 3645 833 3714 ad
853 3665 1016 3713 somnum
1033 3639 1100 3710 ali·
1149 3638 1384 3711 clarissimum
1417 3638 1552 3710 imitari
1583 3642 1731 3717 dicebat.
1797 3641 1877 3714 Hoc
1904 3643 2013 3734 igitur
2035 3642 2143 3712 modo

108 3745 189 3838 quid
217 3747 318 3842 quasi
348 3749 467 3819 viatici
497 3749 802 3840 suppeditaretur,
842 3769 948 3840 quem
980 3757 1099 3814 tamen
1149 3742 1273 3814 ornari
1291 3756 1325 3814 et
1341 3743 1433 3813 comi
1450 3743 1593 3816 volebat
1608 3769 1688 3814 curn
1706 3745 1954 3835 migrationem
1977 3762 2145 3838 praesen-

107 3861 204 3920 nocte
220 3863 390 3944 sequente
406 3865 549 3922 tenuem
565 3851 757 3920 admodum
777 3849 905 3940 coepit.
957 3843 1011 3918 lta
1028 3846 1098 3914 iam
1148 3845 1243 3917 tiret.
1293 3843 1408 3915 Panlo
1423 3859 1503 3936 post
1517 3848 1563 3916 ab
1575 3848 1698 3918 amicis
1712 3851 1925 3943 quibusdam
1941 3843 2145 3941 hospitibus

106 3951 344 4024 narrationem
367 3955 617 4046 perduximus,
641 3953 822 4048 usquead
847 3947 950 4023 xltl.
969 3947 1096 4020 Calcn·
1146 3943 1193 4022 D.
1209 3945 1355 4018 Pastore
1378 3945 1573 4038 Torgensi,
1599 3963 1635 4020 et
1655 3953 1810 4045 quodam
1835 3949 2087 4024 eiusDiacono
2103 3971 2144 4018 ac

105 4053 164 4123 das
183 4049 356 4154 Maii‘⁶),
390 4081 481 4150 quae
505 4057 573 4126 suit
595 4056 731 4126 decima
754 4077 850 4125 nona
874 4046 1032 4143 Aprilis,
1064 4063 1099 4120 et
1147 4047 1303 4121 Doctore
1324 4051 1462 4122 medico
1477 4047 1743 4137 Kenlmanno,
1770 4055 1831 4149 qui
1855 4056 1899 4123 ad
1925 4077 2006 4124 eum
2024 4051 2144 4120 visen·

103 4156 195 4228 vitae
208 4151 372 4250 Philippi
393 4159 432 4228 in
453 4157 556 4230 terris
570 4159 646 4229 dies
663 4173 829 4232 extrema.
879 4151 960 4225 Etsi
978 4167 1096 4223 autem
1146 4154 1232 4224 dum
1245 4166 1490 4237 excurrerant,
1514 4155 1748 4232 salutabatur.
1799 4153 1994 4247 Repetebat
2010 4154 2055 4224 ad
2076 4145 2143 4222 bos

102 4257 334 4352 aegritudinis
357 4274 393 4333 et
414 4261 580 4334 tristiciae
594 4261 833 4354 perturbatio,
858 4279 965 4353 quam
984 4279 1024 4330 ea
1040 4255 1098 4325 die
1146 4255 1242 4326 inter
1263 4255 1353 4342 alia,
1388 4281 1479 4350 qnae
1503 4271 1580 4329 tum
1603 4259 1743 4330 dicebat
1766 4257 1862 4328 varia
1884 4251 1992 4327 hilari
2008 4269 2143 4327 etvoce

103 4383 172 4458 qua
193 4362 405 4434 morientem
427 4389 508 4435 eum
531 4364 707 4448 vidimus,
750 4375 889 4433 tanturn
909 4358 1097 4440 sensimus,
1146 4371 1181 4428 et
1206 4371 1343 4444 mente,
1374 4358 1494 4451 spacio
1519 4385 1610 4453 pene
1625 4359 1796 4430 dimidiae
1810 4353 1937 4447 borae,
1961 4379 2144 4430 sermones

100 4487 171 4558 qna
186 4488 262 4535 non
279 4467 452 4560 potuisset
466 4467 639 4538 maiorem
653 4466 794 4538 animus
807 4461 999 4548 sustinere,
1020 4458 1100 4562 Hl'.
1146 4459 1218 4531 diei
1242 4459 1394 4554 prioris,
1420 4475 1462 4533 nt
1484 4465 1529 4533 de
1554 4463 1741 4533 affectione
1766 4461 1877 4532 animi
1893 4462 1949 4532 sui
1965 4462 2059 4554 apud
2076 4454 2144 4529 hos

99 4565 308 4660 rumigitur
320 4571 539 4660 perturbatio
553 4570 617 4642 etsi
632 4569 839 4640 memoriam
856 4567 904 4638 ita
923 4564 1098 4659 impedire
1146 4561 1254 4635 etiam
1276 4577 1477 4639 testaretur.
1529 4563 1576 4638 Se
1600 4563 1779 4657 privatum
1803 4565 1965 4636 dolorem
1988 4563 2053 4636 Ilei
2078 4562 2143 4632 be·

97 4667 203 4756 solet,
228 4667 376 4744 otnihil
391 4673 514 4764 magis,
537 4685 656 4746 umen
671 4693 762 4766 quae
778 4667 1008 4739 meminimus
1022 4667 1097 4738 col·
1146 4665 1272 4735 nelicio
1303 4666 1445 4737 nullum
1470 4659 1612 4742 babere.
1671 4665 1741 4739 Sed
1766 4681 1956 4761 conspectu
1978 4663 2144 4758 publico·

97 4771 183 4843 latis
203 4773 302 4844 notis
324 4775 473 4864 nostris,
499 4789 536 4848 et
556 4773 738 4848 communi
755 4795 863 4866 opera
879 4795 978 4842 nunc
994 4769 1097 4842 dein·
1145 4791 1227 4840 rum
1249 4767 1427 4840 malorum
1447 4791 1525 4840 sese
1548 4768 1640 4840 affici
1663 4769 1879 4863 posteritatis
1899 4792 2021 4856 cansa,
2050 4789 2143 4862 quae

99 4895 185 4968 ceps
199 4877 333 4970 optima
347 4879 427 4966 lide,
452 4893 492 4952 ut
506 4873 677 4950 hactenus
690 4876 856 4947 universa
869 4894 1096 4968 exponemus.

96 4973 193 5050 Cum
208 4993 314 5053 nocte
328 4979 392 5053 illa
407 5005 598 5076 perparum
615 4976 853 5065 dormivisset,
877 4989 919 5050 ut
929 4975 1096 5056 diximus,
1179 5031 1226 5104 ω)
1244 5034 1369 5100 mara]
1390 5031 1440 5086 Ed·

1058 5107 1060 5112 ’
1179 5119 1225 5188 st)
1243 5117 1317 5174 nm
1335 5117 1364 5171 tn
1383 5117 1428 5173 ea.
1441 5117 1469 5172 s.
1490 5119 1543 5172 sna
1566 5121 1673 5204 amoro
1687 5119 1944 5188 mmm,
1962 5122 2012 5190 „a
2021 5133 2141 5186 pem-

132 5258 184 5324 28)
199 5257 595 5328 prutsrsousamlmmom']
614 5255 919 5317 maturuerunt.
1214 5189 1432 5326 322:va
1450 5205 1518 5242 eum
1537 5199 1727 5252 exer-emeret,
1757 5205 1839 5256 spem
1860 5199 1960 5243 tomen
1979 5191 2142 5252 sapam
2181 5208 2191 5218 .

132 5347 184 5418 27)
201 5356 335 5416 quaestus
347 5351 405 5424 epi]
422 5345 473 5402 Ed.
485 5347 512 5402 Ι.
531 5345 712 5415 querelatur.
1177 5345 1225 5411 82>
1243 5343 1292 5399 ild.
1308 5343 1335 5402 Ω.
1353 5341 1450 5396 rirtr'mi
1460 5345 1557 5400 cordis
1570 5347 1700 5410 gemitus.

131 5433 181 5504 28)
200 5433 231 5488 lo
244 5433 290 5489 ed.
305 5437 330 5486 1.
347 5433 587 5487 wnvnlessents'oe
603 5431 723 5504 positvm
736 5441 775 5488 est
789 5439 851 5487 erte
863 5432 955 5486 mut.
1179 5427 1225 5496 88)
1245 5427 1335 5485 ΕΜ.
1353 5437 1381 5482 et
1392 5437 1454 5482 tum
1468 5431 1592 5498 quidem.

129 5519 180 5588 Β)
197 5515 282 5586 nats]
298 5515 349 5574 Ed.
361 5521 387 5576 t.
406 5517 526 5587 Apmb's.
1179 5513 1225 5586 34)
1244 5513 1335 5571 EM.
1353 5511 1402 5567 Ex
1412 5515 1466 5568 boe
1478 5529 1580 5568 sonum
1596 5515 1810 5582 expergt'ssm.

1453 5031 1482 5088 2.
1499 5033 1661 5092 nonhabet.
