4666 6170
74 249 157 360 aas
445 275 700 362 sonunt
731 277 811 360 an
840 277 1034 360 varan
1064 275 1142 358 nr
1174 277 1413 382 onrruu
1442 281 1749 370 urrunnu
2035 293 2112 372 aso

75 443 422 546 praesentisririum
442 450 687 525 imbecillitate
708 451 960 546 impediretur,
987 451 1070 524 lite-
1090 459 1094 488 '
1118 449 1240 545 itaque
1265 449 1454 522 tenebatur
1468 464 1676 526 sennonem
1689 455 1935 532 vicissitudine
1957 476 1992 535 et
2009 467 2111 558 qnasi

76 579 133 628 ras
154 555 201 626 od
216 549 355 645 Regem
371 555 487 648 prima
508 555 693 627 occasione
709 555 901 628 missurum
915 556 1068 640 dicebat,
1116 567 1198 647 post
1223 554 1433 626 coenationc
1459 558 1612 650 quadam
1639 559 1901 654 colloquiorum
1936 567 2110 654 suavium,

74 659 207 754 quibos
224 656 302 729 eins
313 658 496 732 tammari
509 657 641 750 gratias
658 672 750 730 esset
762 672 904 730 acturus
921 682 988 752 pro
1004 659 1069 730 be·
1118 653 1304 754 (qualibus
1318 659 1363 730 ab
1379 659 1566 744 omnibns,
1594 661 1658 755 qui
1675 676 1751 734 tum
1768 665 1920 738 aderant
1941 671 2109 742 studeba-

74 759 289 852 niqnissimo
310 759 493 834 voluntate
517 775 553 836 et
574 761 817 832 munificentia
841 785 923 852 erga
948 763 1067 854 ipsum
1117 773 1197 843 tor,
1222 773 1263 831 ut
1287 753 1538 834 exhilarationi
1561 763 1673 854 ipsius
1695 759 1764 836 hoc
1782 770 1892 840 modo
1916 771 2109 845 inservire-

72 887 157 948 soa,
179 878 216 938 et
232 887 298 956 pro
317 864 431 938 salute
451 865 561 956 regis,
587 878 622 936 et
642 865 745 954 regni
767 864 866 944 illins
885 878 967 936 vota
989 879 1067 936 tum
1114 857 1195 957 ¹tur)
1211 876 1252 933 nt
1266 863 1381 933 multo
1396 864 1534 936 diutins
1548 880 1628 958 post
1642 891 1788 938 coenam
1804 873 1987 958 assideret,
2000 901 2108 970 quam

73 983 111 1041 et
127 989 248 1060 preces
263 967 435 1050 addebat,
461 967 628 1064 qualibus
643 965 682 1036 in
698 961 766 1038 hoe
783 989 911 1058 genere
930 965 986 1039 uti
1008 989 1067 1038 so·
1117 965 1232 1037 facere
1251 965 1380 1036 soleret
1397 980 1490 1036 recte
1515 969 1657 1056 valens,
1683 985 1718 1040 et
1743 973 1904 1045 cubitum
1927 978 1994 1050 iret
2021 975 2109 1052 hora

74 1073 180 1144 lebat.
242 1069 386 1142 Allatas
408 1095 448 1142 ea
469 1071 528 1142 die
551 1063 623 1140 huc
646 1083 730 1140 sunt
754 1065 895 1141 chartae
928 1070 1068 1164 aliquot
1117 1067 1228 1137 ferme
1262 1081 1403 1154 octava,
1438 1071 1534 1163 quod
1568 1085 1642 1142 erat
1674 1073 1708 1142 ei
1739 1074 1950 1150 inusitatum
1980 1081 2108 1158 facere.

71 1172 197 1266 scripti
227 1171 414 1244 cuiusdam
441 1176 537 1268 quod
552 1165 764 1269 Staphylus
777 1185 901 1244 contra
925 1167 1067 1264 Philip-
1117 1165 1215 1240 Haec
1235 1184 1290 1244 est
1310 1170 1437 1244 ultima
1461 1196 1570 1243 coena
1592 1175 1638 1244 ad
1662 1198 1769 1268 qnam
1789 1177 1829 1248 in
1845 1182 1952 1254 domo
1974 1207 2038 1256 sua
2064 1209 2107 1256 ex

74 1302 159 1370 pom
179 1277 251 1346 sub
272 1276 373 1368 prelo
401 1289 478 1347 tum
500 1271 619 1347 adhuc
645 1271 817 1363 habebat,
859 1276 974 1348 editae
994 1276 1067 1345 lin·
1118 1297 1260 1343 musaeo
1286 1274 1488 1361 deseendit,
1510 1298 1594 1346 nam
1619 1273 1764 1372 qnid¹⁹)
1785 1286 2107 1376 sequentibusdie-

76 1403 141 1470 gua
163 1378 391 1469 germanica,
443 1377 484 1451 ld
506 1379 612 1474 quale
637 1379 683 1452 sit
707 1379 855 1452 lectores
882 1379 1067 1464 videbunt,
1117 1375 1185 1446 bus
1199 1376 1331 1446 factum
1350 1377 1396 1448 sit
1409 1378 1576 1470 deinceps
1595 1381 1785 1470 referetur,
1811 1381 1889 1456 Nox
1911 1401 2029 1460 autem
2051 1414 2108 1462 se·

80 1499 111 1556 et
127 1481 356 1558 indicabunt.
411 1477 639 1554 Afferebatur
670 1493 705 1552 et
726 1481 826 1554 aliud
847 1483 970 1554 eadem
996 1481 1066 1566 die,
1106 1501 1230 1572 quens
1245 1501 1372 1570 prosus
1388 1479 1506 1572 quieta
1530 1495 1565 1554 et
1581 1485 1699 1554 somni
1715 1488 1799 1557 satis
1816 1513 1932 1584 neque
1946 1494 2107 1564 somnio-

83 1589 121 1656 de
138 1583 305 1656 consiliis
328 1586 553 1678 quorundam
578 1586 758 1678 quomodo
781 1584 821 1654 in
835 1582 982 1678 Synodo
1007 1607 1066 1654 so-
1117 1604 1198 1650 rum
1221 1603 1343 1672 expers
1367 1581 1456 1666 fuit,
1489 1578 1622 1656 Oblata
1648 1586 1744 1656 enim
1766 1589 1816 1677 ei,
1836 1605 1877 1664 ut
1893 1592 1969 1687 ipse
1985 1611 2107 1688 postea

82 1689 232 1760 lenniter
252 1687 417 1758 damnari
441 1701 585 1780 possent
607 1687 655 1771 ii,
679 1686 741 1780 qui
760 1681 928 1758 hactenus
946 1687 1066 1758 minos
1117 1683 1309 1766 referebat,
1342 1683 1380 1752 in
1403 1685 1538 1755 somnis
1571 1679 1658 1758 haec
1681 1689 1786 1762 Pauli
1820 1697 1994 1768 sententia
2020 1699 2106 1770 fnit:

78 1791 274 1862 solenniter
288 1791 516 1862 condemnati
530 1790 712 1883 aliquibus
727 1788 953 1871 viderentur,
968 1789 1065 1884 qnod
1117 1785 1158 1857 si
1170 1783 1267 1856 Deus
1283 1809 1350 1878 pro
1367 1786 1491 1873 nobis,
1514 1789 1595 1882 quis
1610 1807 1732 1863 contra
1748 1819 1826 1869 nos.

78 1894 178 1988 quale
195 1893 244 1964 sit
257 1891 364 1962 etiam
382 1892 499 1985 ipsum
514 1894 554 1962 in
568 1891 686 1962 medio
709 1891 947 1986 relinquimus
968 1892 1065 1962 iudi·
1220 1887 1330 1958 Mane
1345 1889 1480 1960 decima
1496 1892 1621 1983 quinta
1638 1891 1813 1968 Calendas
1821 1896 1929 1988 Maii,
1954 1921 2108 1998 quaeest

78 2020 150 2068 care
172 1993 400 2066 volentibus:
427 1991 473 2068 οὐ
496 1989 572 2094 ydp
598 1993 757 2090 iperium(
775 1997 908 2076 κακῶς.
961 1991 1065 2084 Quae
1117 1983 1254 2080 Aprilis
1273 1992 1350 2062 dies
1378 1992 1514 2063 decima
1541 1996 1710 2086 septima,
1743 1995 1943 2074 loachimns
1964 2021 2107 2098 paratus

78 2099 206 2192 scripta
227 2121 248 2168 a
271 2097 378 2168 bonis
402 2098 660 2170 clamantibus
681 2095 813 2190 Reipn.
836 2097 1064 2168 cumdolore
1117 2093 1162 2162 ad
1186 2094 1255 2165 iter
1272 2117 1385 2188 usqne
1408 2097 1452 2164 ad
1478 2091 1603 2166 horam
1628 2099 1739 2170 ferme
1764 2105 1976 2176 matutinam
1997 2111 2107 2199 septi-

78 2203 302 2294 legebantnr,
334 2225 415 2270 cum
438 2215 472 2272 et
493 2201 578 2295 quid
599 2213 765 2291 ageretur
785 2223 860 2270 non
884 2213 975 2272 esset
999 2201 1065 2270 ob-
1117 2219 1211 2265 ruam
1227 2222 1367 2287 cumeo
1385 2198 1585 2271 collocutus
1598 2214 1668 2288 est,
1695 2227 1766 2296 quo
1784 2219 1945 2299 tempore
1960 2205 2108 2283 D.Phi-

76 2327 236 2390 sconrm,
263 2316 299 2374 et
313 2304 417 2374 valde
431 2303 577 2396 insuper
590 2302 811 2385 miserabile,
826 2302 889 2374 tali
905 2317 1065 2395 tempore
1116 2297 1234 2391 lippus
1261 2297 1491 2372 Borussiacas
1518 2301 1639 2374 literas
1660 2305 1815 2412 primum
1850 2335 2002 2404 quarum
2035 2316 2107 2386 iam

76 2403 253 2479 Ecclesiae
268 2419 303 2476 et
318 2403 423 2499 Reip.
441 2407 524 2478 talia
540 2406 669 2498 scripta
683 2406 833 2476 volitare
856 2419 891 2478 et
905 2419 979 2476 tam
1003 2428 1064 2497 pe·
1117 2423 1218 2494 saepe
1233 2403 1369 2474 mentio
1384 2405 1475 2474 sacta
1489 2417 1560 2492 est,
1584 2431 1664 2476 cum
1681 2407 1883 2482 asseruisset
1905 2427 1982 2486 tum
2001 2419 2105 2488 etiam
2235 2439 2241 2454 ’

77 2511 227 2582 riculose
247 2521 450 2600 aegrotante
479 2509 558 2581 viro
579 2509 736 2601 optimo,
771 2510 886 2601 deque
905 2503 1064 2578 Ecclesia
1116 2503 1273 2598 aliquid,
1307 2505 1537 2596 obsignabat,
1569 2511 1726 2604 itemque
1749 2513 1792 2582 ad
1819 2515 1951 2588 amicos
1973 2519 2010 2593 iu
2036 2520 2108 2592 illis

77 2639 105 2686 rt
125 2615 235 2686 rebus
261 2612 511 2684 commonibus
535 2612 581 2684 ita
610 2612 756 2696 merito,
789 2611 875 2682 talia
908 2610 1065 2681 lamenta
1115 2605 1203 2677 locis
1218 2609 1391 2700 quosdam
1408 2611 1561 2681 addebat
1582 2611 1690 2698 alias,
1716 2615 1847 2707 quibus
1865 2619 1986 2710 plnres
2009 2625 2108 2696 vole-

79 2717 166 2802 ficri,
193 2729 231 2788 et
247 2714 358 2786 funus
373 2713 442 2786 iam
459 2739 553 2808 pene
571 2709 680 2786 huius
700 2737 720 2784 a
737 2707 982 2786 Christianum
997 2737 1067 2783 no-
1116 2709 1178 2780 bat
1199 2711 1347 2796 addere,
1372 2713 1434 2782 sed
1452 2712 1531 2782 sibi
1553 2736 1697 2806 parcere
1719 2715 1921 2797 iubebatur.
1975 2721 2107 2797 lnsrri.

79 2845 151 2890 men
179 2817 434 2912 profitentibus
457 2819 507 2890 ita
533 2813 770 2890 cohonestari.
827 2811 925 2886 Haec
955 2814 1067 2906 igitur
1116 2812 1223 2885 behat
1246 2825 1365 2886 tamen
1389 2814 1532 2886 libellos
1561 2811 1679 2890 adhuc
1700 2818 1838 2914 aliquot
1870 2825 2012 2909 amicis,
2043 2831 2106 2924 qui

83 2936 297 3014 praesentem
330 2920 491 2992 dolorem
522 2934 558 2992 et
589 2919 854 2992 solicitudinem
885 2918 1066 2990 bonorum
1115 2915 1240 2986 eodem
1262 2917 1524 3009 perferrentur,
1550 2933 1585 2992 et
1610 2921 1655 2991 ad
1681 2917 1820 2994 Ducem
1844 2924 1951 2997 etiam
1972 2925 2107 3001 Borus-

88 3023 145 3094 iam
166 3049 248 3096 non
270 3023 495 3095 mediocriter
515 3024 709 3114 angebant,
735 3035 770 3094 at
791 3021 879 3117 quid
903 3023 949 3092 de
968 3045 1067 3092 mor·
1115 3019 1187 3090 siae
1208 3023 1379 3115 quosdam
1404 3023 1632 3112 perferendos
1652 3024 1773 3098 dabat.
1833 3024 1957 3124 ltaque
1979 3034 2107 3104 defati-

82 3141 134 3198 too
156 3139 254 3199 esset
274 3125 436 3198 futurum
460 3121 578 3198 erbis
601 3124 778 3196 coniicere
800 3125 941 3197 licebat.
992 3122 1065 3196 Sed
1115 3135 1235 3212 gatos,
1261 3127 1359 3220 quod
1383 3127 1494 3222 λῆψις
1515 3126 1653 3198 febrilis
1678 3151 1755 3198 non
1777 3129 1884 3223 longe
1906 3133 2043 3208 abesset
2065 3138 2105 3206 in

76 3232 168 3304 ntad
184 3227 394 3302 institutum
409 3232 614 3315 redeamus,
640 3228 687 3300 ita
706 3227 770 3299 illo
787 3251 913 3298 somno
934 3226 1066 3298 confir·
1115 3225 1286 3296 lectulum
1308 3227 1497 3314 decubuit,
1531 3227 1583 3300 ibi
1604 3243 1683 3300 tum
1708 3225 1913 3310 loachimus
1932 3237 2108 3310 discessu-

76 3349 189 3406 matns
206 3333 298 3417 fuit,
321 3345 362 3404 ut
376 3333 421 3402 ad
437 3356 562 3426 operas
576 3331 812 3424 scriptionum
835 3352 981 3402 suarum
1007 3353 1064 3400 re-
1114 3351 1175 3398 rus
1205 3350 1412 3421 supremum
1442 3355 1525 3401 eum
1559 3333 1714 3404 salutare
1748 3348 1783 3405 et
1816 3337 1937 3410 valere
1969 3341 2107 3428 iubere,

75 3439 183 3522 diret,
207 3447 246 3506 et
260 3435 381 3508 literas
396 3433 623 3506 Borussiacas
637 3434 853 3520 absolveret,
878 3447 913 3504 et
928 3432 968 3502 in
984 3457 1065 3504 rnu-
1112 3427 1261 3524 Deoque
1294 3435 1545 3504 commendare
1570 3448 1635 3510 etr.
1692 3433 1763 3506 Cui
1796 3435 1986 3534 Philippus
2021 3469 2106 3516 vore

75 3563 149 3611 saeo
172 3551 210 3610 et
237 3539 345 3610 domo
371 3538 421 3610 ita
443 3539 711 3624 obversaretur,
735 3536 855 3630 itaque
876 3536 1006 3606 faceret
1029 3547 1065 3606 et
1113 3556 1204 3625 pene
1218 3533 1337 3606 febrili
1354 3540 1569 3630 respondere
1590 3531 1647 3610 his
1663 3531 1798 3610 verbis:
1826 3539 1923 3615 lesus
1940 3541 2105 3620 Christus

76 3643 205 3714 diceret
229 3641 372 3725 omnia,
405 3654 446 3712 ut
470 3665 655 3734 nunquam
677 3652 760 3710 ante
787 3640 827 3708 in
848 3637 913 3710 illo
935 3637 1063 3708 morbo
1113 3636 1208 3707 filins
1222 3635 1291 3708 Dei
1314 3642 1441 3711 sedens
1458 3643 1503 3712 sd
1524 3643 1683 3713 dextram
1703 3639 1819 3714 Patris
1841 3659 1877 3717 et
1897 3649 1988 3719 dans
2009 3653 2105 3722 dona

76 3745 227 3816 alacrior
250 3743 358 3816 fnisse
384 3743 578 3815 videretur.
629 3741 672 3812 ln
705 3765 814 3812 coena
847 3757 985 3826 autem,
1017 3741 1062 3810 ad
1112 3734 1338 3826 hominihus,
1364 3759 1549 3816 conservet
1570 3755 1606 3814 te
1628 3757 1663 3813 et
1683 3758 1781 3832 tuos,
1814 3759 1849 3818 et
1870 3773 1937 3820 nos
1958 3753 2106 3824 nniver-

74 3871 178 3942 qoam
194 3842 287 3918 hora
304 3836 673 3941 quintadescendebat
689 3837 896 3915 hilariorem
910 3866 947 3913 se
960 3866 1063 3936 prae-
1112 3865 1188 3928 sos,
1213 3856 1248 3914 et
1263 3845 1370 3917 simul
1386 3850 1573 3938 coniugem
1597 3841 1704 3918 huius
1729 3847 1801 3919 suis
1817 3852 1935 3924 verbis
1958 3855 2104 3927 salutari

75 3951 178 4022 bebat
200 3973 309 4046 quam
330 3947 394 4018 illo
416 3949 565 4019 omnino
588 3962 746 4041 tempore
762 3945 874 4041 ipsius
889 3947 1063 4038 expectari
1111 3947 1314 4018 mandabat.
1371 3945 1469 4022 Haec
1491 3950 1560 4022 fuit
1585 3949 1711 4022 ultima
1748 3954 1984 4027 consalutatio
2012 3959 2106 4029 inter

74 4065 231 4146 poterat,
271 4045 477 4145 Omniaque
500 4051 539 4120 in
564 4051 640 4143 ipso
663 4049 839 4122 eiusmodi
862 4047 994 4131 videri,
1021 4062 1062 4122 ut
1112 4041 1177 4118 hos
1194 4043 1261 4142 ²⁰),
1295 4053 1411 4124 nostri
1442 4052 1612 4148 temporis
1647 4053 1770 4125 nobile
1802 4079 1868 4147 par
1897 4059 2106 4144 amicorum,

73 4171 104 4227 et
118 4177 200 4248 spes
214 4155 311 4224 bona
335 4153 623 4236 confirmaretur,
648 4167 684 4225 et
700 4147 920 4224 loachimum
935 4147 1062 4222 Came-
1111 4173 1228 4244 neque
1244 4153 1340 4224 enim
1358 4150 1503 4248 posthac
1518 4157 1608 4228 vidit
1623 4179 1718 4228 unns
1733 4156 1904 4244 alterum,
1919 4173 2025 4254 atque
2041 4161 2104 4232 ille

72 4261 207 4330 rarium
222 4255 323 4328 cuius
340 4256 558 4348 praesentiae
580 4257 686 4328 etiam
702 4255 879 4326 nonnulla
901 4252 980 4323 dari
1004 4253 1062 4325 iu·
1111 4255 1257 4348 quidem
1285 4251 1383 4328 hunc
1416 4283 1462 4330 ne
1493 4274 1675 4332 mortuum
1702 4259 1867 4353 quidem,
1897 4274 1938 4332 ut
1967 4263 2104 4336 videret

72 4362 303 4442 dicabantur,
324 4372 582 4431 commoratum
604 4381 678 4430 esse
693 4357 881 4430 nobiscum
906 4357 1060 4427 laetare·
1109 4356 1285 4430 sustinere
1303 4361 1421 4451 potnit
1436 4364 1482 4432 de
1503 4387 1575 4457 quo
1599 4362 1692 4431 infra
1707 4375 1952 4450 cognoscetur.
1998 4365 2102 4438 'Turn

70 4489 162 4539 mur.
216 4459 401 4534 lucidabat
424 4463 464 4532 in
487 4486 596 4533 coena
621 4463 666 4532 de
682 4459 896 4556 quibusdam
915 4459 1061 4546 mentio,
1109 4457 1220 4548 igilur
1242 4464 1437 4534 adductum
1462 4479 1544 4539 ante
1566 4467 1669 4536 aedes
1695 4457 1944 4538 Melanthonis
1971 4490 2103 4562 equum

70 4567 130 4662 qui
147 4565 231 4660 piae
241 4559 482 4636 Ecclesiamm
499 4562 744 4636 coniunctioni
766 4563 918 4634 maxime
939 4561 1060 4634 obsta·
1108 4564 1314 4636 conscendit
1338 4589 1449 4660 eaque
1471 4569 1529 4638 die
1551 4563 1720 4663 Lypsiam
1747 4567 1790 4637 ad
1818 4589 1902 4640 suos
1929 4570 2103 4643 foeliciter

70 4683 172 4756 rent,
204 4679 239 4738 et
262 4665 510 4740 distractiones
543 4681 650 4760 atque
683 4665 914 4738 dissidiorum
938 4689 1060 4736 causas
1108 4685 1272 4738 reversus
1296 4665 1375 4742 fnit.
1434 4667 1488 4740 lta
1510 4681 1628 4742 autem
1653 4669 1832 4756 discessit,
1865 4685 1907 4742 ut
1930 4675 2103 4765 expeditis

69 4773 108 4843 in
133 4765 203 4843 has
227 4769 430 4842 attulissent
461 4783 567 4866 atque
593 4770 766 4840 inferrent
800 4763 989 4854 hactenus,
1024 4781 1059 4839 et
1108 4769 1215 4840 rebus
1230 4767 1304 4840 suis
1318 4793 1425 4864 qnam
1441 4771 1598 4864 primum
1616 4768 1687 4844 huc
1708 4773 1838 4842 reverti
1856 4775 2044 4864 cogitaret,
2066 4793 2101 4848 et

70 4867 126 4946 his
140 4867 439 4948 adhorteteriora
458 4873 620 4964 quotidie
634 4870 858 4946 molirentur.
891 4865 951 4942 Ad
965 4863 1058 4942 hanc
1108 4871 1288 4964 opperiri,
1322 4873 1410 4968 quid
1434 4875 1480 4944 de
1503 4869 1664 4969 Philippi
1696 4873 1903 4946 valetudine
1936 4877 2098 4950 haturnm

70 4976 289 5048 mentionem
318 4971 364 5050 D.
384 4969 573 5068 Philippos
595 4977 716 5044 animo
737 4971 991 5054 commotiore,
1023 4985 1057 5044 et
1109 4987 1209 5046 esset.
1260 4969 1487 5071 Coeperat²¹)
1503 4977 1667 5068 pridiana
1683 4971 1952 5070 dishocagere
1977 4997 2018 5054 ot
2035 5005 2101 5074 per

70 5103 154 5152 rore
177 5077 285 5150 etiam
310 5076 549 5164 contentiose,
580 5089 664 5148 sunt
685 5075 740 5145 illi
761 5075 881 5171 inquit
901 5099 1055 5170 nequam
1109 5078 1230 5150 literas
1250 5077 1293 5150 ad
1319 5101 1403 5149 snos
1426 5080 1567 5167 missas,
1594 5103 1681 5176 quas
1697 5079 1769 5152 iarn
1785 5083 2042 5175 conscripserat
2065 5099 2098 5155 et

70 5175 252 5267 homines,
284 5193 319 5252 et
342 5193 493 5273 pergunt
513 5201 587 5250 esse
608 5179 712 5264 tales,
737 5191 772 5250 et
793 5201 947 5250 essaeos
967 5177 1056 5250 tales
1114 5240 1320 5258 ,.,.-..

70 5279 165 5356 Dens
178 5283 344 5356 ostendet
356 5295 461 5376 atque
476 5279 688 5368 declarabit,
702 5303 783 5351 curn
799 5281 838 5352 in
855 5295 928 5354 tota
945 5305 1054 5352 coena
1140 5329 1188 5403 19)
1204 5327 1257 5386 Ed·
1271 5329 1296 5386 ι,
1313 5323 1388 5384 altu
1405 5342 1460 5396 ec,
1477 5327 1553 5400 qood
1566 5323 1661 5382 latest.

72 5385 128 5458 illa
148 5382 247 5458 nihil
271 5385 415 5456 dixisset
441 5386 486 5456 de
509 5383 662 5479 publicis
691 5397 752 5454 ant
775 5383 923 5477 privatis
946 5384 1054 5454 rebus
1135 5419 1184 5490 20)
1202 5421 1272 5484 „a
1290 5413 1379 5471 w,
1394 5415 1475 5469 pm„

72 5489 213 5566 tristius.
272 5483 392 5584 litque
415 5487 463 5560 ita
492 5502 569 5561 tum
600 5481 752 5558 hilarem
784 5510 823 5558 se
849 5485 1053 5580 praebebat,
1135 5506 1182 5578 st)
1201 5501 1337 5562 Virtutes
1350 5499 1533 5649 caeparios.
