4638 6172
239 229 315 304 een
596 223 598 230 ·
948 183 953 203 '
1020 185 1492 304 unnunonunua
2177 237 2236 318 een

323 399 466 482 „iterata
484 397 689 481 cesserimus,
709 406 738 462 et
759 399 797 462 de
818 393 929 478 quibus
951 397 1032 462 scire
1053 395 1229 484 potuimus,
1250 413 1410 459 nnmerum
1432 393 1525 480 anni,
1546 411 1607 474 qno
1628 393 1848 478 scriptssnut,
1868 393 2070 466 notarium
2089 401 2239 475 altilium

187 480 198 490 ’
325 497 457 567 „autem
478 485 633 567 prioribus
657 483 772 570 [tribus
797 481 977 568 Grathusii]
1000 481 1092 546 libris
1113 494 1183 546 crea
1204 483 1290 546 alios
1310 501 1411 546 nouos
1430 480 1573 562 libellos,
1604 480 1759 562 singulari
1781 480 1882 546 studio
1905 501 1944 544 ex
1965 501 2033 548 mea
2052 495 2079 548 et
2099 491 2241 560 amicornm

325 571 550 653 „bibliothecis
564 570 727 655 collectos,
749 580 783 632 nt
796 589 876 632 none
890 589 947 634 sex
960 569 1034 635 libri
1051 568 1214 632 conicient
1228 569 1340 632 iustum
1359 567 1616 652 epigrammatum
1632 587 1719 648 opus.
1760 567 1826 633 Nee
1843 587 1891 632 me
1904 567 1989 649 eins,
2011 575 2242 660 quantulumque

325 669 421 738 „est,
444 675 538 736 opera
551 655 695 738 poenitet.
739 656 818 719 Nam
840 659 919 735 quod
943 657 982 718 ad
1003 675 1050 719 rna
1068 656 1210 736 privatim
1232 653 1359 740 attinet,
1381 652 1540 718 ostendam
1563 647 1656 734 alibi,
1677 653 1787 733 quibus
1809 653 1902 717 rebus
1916 653 1987 718 huie
2007 669 2108 722 eonem
2122 662 2243 728 virosam

327 743 523 828 „obstrietus
547 745 585 806 od
608 752 763 804 aeternam
785 739 1012 822 gratitudinem.
1055 739 1144 804 Nune
1164 751 1264 804 autem
1286 742 1323 802 de
1346 739 1505 825 omnibus,
1533 757 1612 818 qnos
1633 739 1756 820 reliquit
1780 739 1835 804 ille
1858 751 1928 820 post
1951 759 1985 803 se
2006 761 2065 804 uon
2086 747 2244 814 adulterimo

326 835 480 916 „naturae
502 827 691 909 discipulos,
713 826 831 892 albeme
845 828 949 892 deberi
970 829 1031 892 hoc
1046 825 1175 890 cilicium
1196 826 1476 910 praestantissimo,
1499 826 1674 905 optimaque
1687 828 1722 888 de
1737 847 1771 890 re
1791 825 1930 890 literaria
1947 825 2051 890 merito
2065 831 2244 916 Praeceptori,

327 925 392 1000 „nt
415 914 518 976 omnia
542 915 580 976 ab
603 935 638 976 eo
662 915 801 994 prolecta
823 914 939 994 ingenii
963 924 991 976 et
1012 912 1169 976 doetrinae
1196 921 1389 978 monumenta
1411 921 1558 993 tauquam
1580 921 1689 975 sacras
1711 910 1861 992 reliquias
1882 931 1944 974 non
1966 911 2063 976 solum
2083 917 2245 1004 colligamur,

328 1003 412 1082 „sed
436 1001 525 1064 etiam
548 1019 568 1061 a
589 1001 707 1062 mendis
736 999 944 1082 neglegentiae
974 999 1170 1063 librariorum
1200 998 1298 1062 seculi
1321 997 1412 1060 buius
1435 997 1598 1082 (qnantum
1622 1017 1678 1077 per
1699 997 1809 1060 borum
1833 1005 1952 1078 turpem
1974 997 2006 1060 iu
2027 999 2082 1063 boc
2103 1002 2172 1066 vicio
2191 1025 2244 1084 per-

330 1085 506 1172 „tinaeiam
528 1085 616 1169 licet)
645 1085 851 1149 vindicemus:
881 1085 1053 1148 carminum
1074 1095 1176 1147 autern
1198 1083 1336 1165 Philippi
1359 1083 1417 1146 illa
1437 1081 1598 1162 ingeniosa
1619 1091 1710 1162 atque
1732 1081 1853 1147 erudita
1881 1081 2038 1170 facilites,
2071 1095 2099 1149 et
2119 1087 2164 1152 his
2182 1110 2245 1154 eon·

329 1173 514 1255 „prehensa
535 1191 636 1233 rernm
660 1171 783 1234 bonitus
807 1180 893 1234 tanta
915 1181 974 1244 est,
998 1181 1031 1232 ut
1054 1190 1116 1233 nou
1138 1170 1238 1234 solum
1261 1169 1450 1252 posteritatis
1474 1168 1566 1230 facile
1589 1169 1739 1231 sustinere
1761 1169 1859 1250 possit
1881 1167 2090 1248 aequissimam
2104 1193 2246 1253 censuron,

329 1261 410 1342 „sed
434 1259 525 1321 etiam
546 1257 717 1338 praesentis
739 1259 834 1320 seculi
857 1257 919 1320 iam
941 1258 1058 1337 pridem
1080 1259 1162 1336 apud
1185 1267 1309 1319 exteras
1329 1263 1431 1336 gentes
1454 1251 1625 1316 honorilice
1647 1254 1760 1318 indicia
1782 1263 1912 1334 experta
1935 1253 2008 1319 sit.”

131 1411 136 1423 ·
245 1375 341 1440 llaec
362 1374 567 1440 Vincentius.
595 1408 638 1422 —
680 1374 733 1438 Ex
760 1373 878 1459 quibus
906 1375 1109 1458 intelligitur,
1147 1373 1320 1438 editionem
1350 1373 1619 1458 epigrammatum
1645 1371 1861 1436 alunoentio
1894 1371 2015 1435 lectam
2027 1371 2204 1520 'pnncipem
2223 1389 2247 1442 et

245 1459 312 1524 ilde
326 1459 550 1548 dignissimam
564 1477 661 1542 erse,
683 1479 783 1542 quare
798 1479 872 1524 eam
885 1460 981 1536 etiarn
998 1460 1052 1523 bic
1066 1459 1195 1543 sequuti
1207 1477 1333 1522 sumus.
1376 1459 1414 1523 ln
1429 1475 1547 1540 ιιιιιςιιιι
1560 1457 1646 1520 euim
1670 1455 1904 1540 familiaritate,
1923 1474 2009 1540 quae
2053 1457 2182 1524 incendio
2193 1481 2246 1525 cun

246 1547 457 1612 blelentbone
470 1563 553 1610 sene
568 1557 653 1627 erat,
674 1545 769 1616 dubio
785 1554 892 1624 earet,
914 1543 1002 1610 illum
1016 1564 1089 1610 cum
1108 1545 1172 1609 boe
1186 1545 1228 1608 de
1244 1545 1361 1608 libellis
1377 1543 1502 1608 Secarii
1517 1552 1552 1606 et
1570 1541 1736 1608 (irathusii
1749 1543 1918 1626 loquutum
1934 1559 2033 1626 esse,
2053 1551 2087 1608 et
2105 1543 2163 1610 boc
2175 1545 2246 1610 modo

246 1631 431 1713 audivisse,
454 1649 538 1714 quae
552 1651 573 1694 a
584 1631 816 1708 Melantbone,
837 1641 949 1696 utnon
965 1649 985 1694 a
999 1648 1038 1695 se
1053 1631 1192 1714 scripta,
1212 1632 1385 1714 reprobata
1401 1629 1530 1696 luerint.

372 1748 408 1813 N
409 1757 582 1832 eque-post
588 1746 792 1811 vincentium
804 1747 889 1811 alius
902 1747 1006 1813 extitit
1021 1747 1118 1812 homo
1131 1746 1259 1832 doetus,
1281 1747 1335 1830 qui
1345 1745 1567 1810 Melanthonis
1582 1743 1724 1810 carmina
1735 1741 1842 1809 denuo
1855 1741 2059 1828 collegisset
2087 1743 2166 1809 Nem
2177 1745 2247 1810 liber:

289 1865 455 1952 „Philippi
467 1840 690 1928 Melsutbonis
702 1864 970 1948 epigrammatum
988 1865 1059 1928 libri
1072 1864 1132 1946 Vl,
1144 1864 1301 1948 recogniti
1315 1873 1349 1930 et
1362 1863 1449 1930 aneti
1464 1881 1485 1926 a
1500 1861 1540 1926 1).
1554 1857 1679 1926 loanne
1698 1856 1851 1943 Maiore,
1870 1861 2060 1928 lonebimo”
2081 1861 2114 1946 [ι.
2126 1879 2153 1925 e.
2165 1862 2191 1926 io
2202 1881 2248 1944 op·

331 1951 442 2036 pidulo
454 1948 685 2014 loaebimsthal
699 1951 803 2032 nato].
846 1950 974 2016 Witeb.
989 1949 1083 2014 1575.
1103 1951 1139 2014 8.

247 2085 311 2136 nou
324 2071 417 2155 plura
430 2068 532 2133 habet
543 2083 639 2149 quarn
653 2063 848 2132 Vincentius
860 2065 965 2148 dedit,
988 2074 1023 2130 et
1038 2067 1083 2130 nil
1102 2074 1155 2130 est
1172 2063 1234 2128 nisi
1246 2061 1411 2130 Vincentii
1432 2065 1512 2130 liber
1525 2059 1569 2128 ad
1582 2064 1718 2128 verbum
1732 2081 1897 2130 recusum.
1940 2063 2062 2148 Neque
2076 2062 2173 2128 Maior
2189 2081 2248 2125 ver·

171 2199 178 2224 i
247 2157 358 2222 bulum
376 2153 544 2239 praelatus
565 2162 635 2230 est,
659 2151 719 2214 sed
737 2152 845 2216 recudi
864 2153 989 2216 curavit
1010 2151 1198 2234 simpliciter
1210 2149 1371 2214 Vincentii
1390 2150 1563 2233 epistolam
1583 2149 1815 2214 dedicatoriam
1836 2149 1878 2213 ad
1891 2145 2064 2216 Albertum
2086 2145 2247 2212 Friden'euu

246 2242 480 2307 lllarclrionom.
525 2237 559 2302 N
562 2257 601 2300 on
615 2237 836 2302 necessarium
850 2237 948 2320 igitur
962 2236 1039 2300 mihi
1056 2237 1163 2300 visum
1179 2244 1249 2319 est,
1269 2245 1399 2318 praeter
1414 2235 1619 2302 vincentium
1632 2236 1730 2301 etiam
1743 2235 1879 2314 Maioris
1898 2236 2014 2300 librum
2030 2233 2166 2298 laudare.

333 2408 337 2422 .
375 2357 519 2420 Prorsus
531 2363 640 2418 autem
653 2353 774 2417 nullius
791 2352 884 2434 pretii
895 2360 972 2416 suut
985 2351 1056 2418 libri
1070 2348 1193 2435 (inpleri
1206 2361 1241 2416 et
1253 2347 1445 2435 Repedandi.
1487 2351 1579 2416 lllius
1597 2352 1678 2416 liber
1690 2351 1790 2416 babet
1810 2349 2072 2434 inscriptionem:

292 2522 313 2560 „
321 2475 561 2556 Epigrammata
581 2469 667 2534 llev.
687 2479 722 2534 et
742 2467 878 2534 Clarias.
899 2469 957 2532 viri
981 2469 1022 2532 ll.
1043 2443 1129 2532 P'hil.
1152 2469 1373 2533 Melanthonis
1392 2466 1489 2534 irrata
1509 2473 1625 2553 parier
1647 2465 1844 2534 catechismo·
1864 2467 2036 2551 [mutheri‚
2059 2467 2137 2530 satir
2155 2461 2248 2546 inepte]

334 2559 471 2623 collecta
483 2566 518 2620 et
532 2557 711 2634 distributa,
726 2574 825 2639 opera
838 2566 872 2620 et
888 2555 995 2620 studio
1012 2551 1145 2618 loannis
1155 2551 1290 2638 Gopleti,
1305 2555 1440 2618 verbum
1452 2555 1516 2619 Dei
1529 2553 1677 2619 docentis
1691 2555 1820 2620 stetini.
1847 2554 1969 2620 Stetini
1982 2571 2035 2618 an.
2044 2551 2134 2636 ¹572,
2148 2551 2249 2616 amul

248 2677 354 2743 Huius
368 2675 450 2738 liber
466 2673 566 2738 hebet
577 2673 719 2739 titulum:

291 2794 562 2882 „Epigrammata
584 2789 667 2854 Phil.
688 2789 909 2852 Melanthonis
927 2785 1116 2868 selectiora,
1139 2788 1285 2852 formulis
1308 2807 1458 2872 precum,
1479 2787 1641 2868 historiis,
1669 2787 1858 2871 paraphrasi
1876 2786 2037 2854 dictorum
2054 2786 2214 2851 divinorum
2228 2789 2251 2842 et
2281 2843 2282 2848 ,

333 2878 507 2944 sententiis
522 2875 728 2959 gravissimis
745 2875 887 2936 manime
901 2874 1059 2957 insignia,
1082 2894 1126 2937 ex
1139 2875 1225 2938 edito
1240 2875 1517 2958 Epigrammatum
1536 2874 1643 2937 libello
1666 2873 1880 2958 [Vincentii],
1909 2885 1943 2938 et
1966 2873 2098 2938 aliunde
2120 2877 2249 2949 excerpto,

334 2969 371 3028 nl
391 2961 502 3046 poeria
522 2961 557 3024 in
583 2957 641 3038 pio
662 2955 864 3022 institucione
883 2957 1020 3042 proponi
1039 2963 1073 3023 et
1094 2957 1253 3023 inculcari
1276 2958 1419 3043 possint,
1449 2994 1491 3010 -
1520 2960 1660 3024 collecta
1681 2978 1701 3024 a
1722 2960 1769 3024 nu.
1791 2957 1891 3024 Petro
1911 2955 2118 3044 Repedando,
2143 2957 2250 3019 hectore

334 3047 451 3114 Theoi.
465 3045 622 3129 Ripiensi.
663 3043 816 3106 Francos.
829 3042 870 3107 ed
883 3045 930 3108 dl.
947 3043 1042 3110 1583.
1065 3045 1115 3109 8.”

249 3166 343 3248 Quae
357 3163 435 3228 dixit
448 3159 601 3248 „aliunde
614 3156 812 3244 eaeoerpto'',
827 3180 867 3224 ea
877 3169 955 3224 sunt
966 3161 1021 3224 vel
1036 3161 1177 3225 carmina
1189 3137 1334 3247 alionum,
1346 3163 1402 3227 uel
1415 3162 1621 3246 precationes
1634 3134 1856 3228 Melantbonis
1868 3162 2017 3226 emtione
2027 3177 2125 3244 prosa
2135 3158 2252 3240 scriptae·

377 3281 494 3344 mibros
505 3279 601 3362 igitur
616 3275 795 3377 (bethurii,
816 3277 968 3376 blaineis,
990 3276 1123 3376 §ogleri
1138 3287 1171 3342 et
1184 3275 1372 3361 Hegelundi
1384 3281 1507 3343 missos
1528 3279 1610 3362 ieci,
1633 3287 1806 3344 attentum
1825 3259 1922 3342 citavi
1940 3276 2136 3362 lamagiuem
2151 3269 2252 3369 Seeeuiu,

250 3387 349 3453 opera
363 3367 444 3430 Mol.
457 3363 661 3462 Basileensra
675 3371 710 3424 et
723 3363 835 3460 librum
849 3361 1023 3462 Vrneentn.
1064 3362 1184 3447 Neque
1198 3362 1283 3446 apud
1300 3357 1470 3464 becarium
1485 3383 1592 3466 neque
1605 3363 1906 3464 npudVinceutium
1918 3365 2064 3464 paginae
2077 3363 2132 3462 vel
2144 3371 2253 3452 cormunt

223 3505 226 3512 ·
249 3455 559 3619 ltlthrlhctlh
572 3448 1329 3618 11111151·ιῖιῗῗὲῗιὲῗιῗΐιῖῗέιῗὲἓὶι
1342 3449 1749 3619 ,ltttltlslthl’ffl’
1771 3468 1891 3533 queo
1905 3449 1991 3514 Μ’·
2007 3465 2163 3532 ”mli
2181 3459 2253 3526 ,m-

380 3655 431 3718 De
447 3649 557 3716 ordine
572 3651 627 3712 vel
639 3649 725 3711 serio
739 3649 913 3712 carminum
928 3651 1063 3732 primum
1077 3651 1290 3715 haesitabam.
1332 3653 1449 3734 Aeque
1471 3653 1555 3716 enim
1569 3648 1700 3715 dillioile
1712 3650 1882 3715 videbatur
1905 3665 1946 3710 ea
1966 3647 2141 3732 disponere
2160 3660 2254 3710 secun·

251 3742 327 3806 dum
341 3747 582 3824 argumentum,
604 3733 835 3797 sesecundum
849 3737 968 3799 scriem
982 3753 1147 3800 annornm.
1164 3779 1167 3786 -
1192 3733 1393 3816 Quibusdam
1405 3735 1532 3820 quidem
1548 3737 1741 3800 carminibus
1757 3734 1952 3799 Vincentius
1974 3736 2007 3797 in
2022 3737 2164 3820 margine
2176 3729 2254 3810 adpo·
2281 3763 2282 3776 ι

251 3829 317 3892 suit
330 3844 447 3890 aunum
461 3841 571 3884 eorum
586 3821 747 3902 nativum,
768 3818 827 3882 sed
840 3823 965 3902 paucis.
1011 3819 1205 3885 llrathusius
1221 3823 1381 3904 disposuit
1394 3822 1525 3906 quidem
1540 3824 1682 3886 carmina
1696 3825 1728 3885 in
1745 3834 1812 3886 tres
1827 3820 1938 3898 libros,
1960 3822 2082 3901 quibus
2099 3815 2255 3910 Vincentius

250 3926 318 3978 tneo
329 3921 500 4010 praeterea
513 3904 643 4004 addidit,
665 3904 727 3968 sed
743 3917 1120 4054 nequecargumeutorum
1133 3925 1409 4005 neque'annorum
1423 3908 1615 3973 discriminis
1628 3910 1714 4007 iusta
1729 3907 1839 3972 habite
1850 3915 1903 3968 est
1915 3907 2008 3970 ratio.
2053 3907 2193 3987 Denique
2201 3897 2257 3962 mtlu

251 3994 1010 4174 tlthlllttttlhlhtmstall:
1024 3993 2072 4162 :tetathl‘tle'sutile,lttllnl‘ztlht‘zlt't
2092 3989 2257 4140 illm-f

251 4187 341 4247 mus,
364 4182 503 4229 neeesse
516 4173 586 4246 est,
608 4179 809 4242 omnesquae
824 4162 978 4225 Secarius
993 4161 1101 4244 dedit,
1123 4173 1197 4226 ante
1211 4182 1330 4226 annum
1346 4163 1457 4246 toan,
1479 4169 1515 4228 et
1532 4166 1639 4229 omnia
1654 4181 1736 4247 quae
1759 4167 1790 4225 in
1804 4159 2031 4226 Melanthouis
2053 4163 2197 4244 operibus
2208 4157 2257 4217 Bt·

250 4253 446 4318 sileensibus
460 4249 610 4332 leguntur
622 4255 698 4310 ante
709 4264 856 4308 mensem
869 4247 1055 4329 Augustum
1071 4248 1145 4311 anni
1160 4247 1254 4311 1541.
1269 4249 1390 4332 scripta
1404 4267 1492 4313 esse.
1524 4249 1688 4334 Optimum
1702 4251 1797 4332 igitur
1810 4249 1918 4312 visum
1932 4257 1988 4312 est
2002 4251 2144 4312 mumma
2157 4247 2186 4308 in
2197 4255 2257 4324 qut·

250 4350 323 4404 tuor
336 4338 435 4402 libros
453 4335 643 4418 disponere,
667 4349 801 4414 quorum
814 4334 936 4412 primus
953 4334 1176 4416 complectitur
1187 4335 1331 4397 earmina
1343 4343 1419 4399 ante
1434 4354 1553 4399 annum
1567 4337 1678 4420 ¹527„
1699 4333 1867 4400 secundus
1886 4335 2035 4398 carmina
2054 4333 2127 4398 inde
2145 4333 2182 4395 ab
2199 4339 2259 4390 euuu

253 4423 347 4488 teat.
358 4440 464 4505 usque
479 4420 521 4482 ad
536 4437 655 4481 annum
671 4417 767 4480 1540.
782 4417 917 4500 scripta,
940 4420 1055 4483 tertius
1069 4419 1303 4504 epigrammata
1320 4421 1362 4484 ab
1378 4438 1430 4483 au.
1447 4420 1686 4486 teet-156⁰.
1700 4421 1807 4503 laeta,
1828 4429 1862 4483 et
1877 4428 2017 4501 quartus
2037 4437 2098 4498 ea,
2119 4417 2159 4481 de
2171 4412 2260 4496 quibu
2281 4425 2282 4472 t

251 4508 376 4574 definiri
388 4525 452 4571 non
466 4506 599 4588 poterit,
617 4521 680 4586 quo
696 4513 842 4585 tempore
854 4505 974 4586 scripta
990 4506 1065 4570 sint.
1377 4541 1380 4548 »

379 4621 530 4688 Carmina
543 4616 685 4682 nondum
699 4616 805 4702 edita,
826 4629 892 4685 eta
906 4621 999 4686 uobis
1015 4639 1057 4686 ex
1077 4621 1166 4688 libris
1179 4622 1408 4706 manuscriptis
1426 4623 1562 4708 hausta,
1584 4625 1679 4708 siguo
1693 4621 1716 4706 †
1729 4621 1924 4687 notauimuo.
2006 4643 2011 4657 ¹

338 4799 511 4885 Gotbae,
545 4795 645 4864 udo.
667 4795 766 4862 blant.
790 4795 885 4864 18⁴2.

1602 5053 2140 5148 Bretsemnetder.
