4652 6178
175 279 328 353 ,isi
840 259 1707 364 Qoausriounsacaouaiiean
1925 231 1926 234 ‘
2019 252 2025 268 ’
2179 271 2238 346 aa

253 477 330 523 eain
344 473 418 520 non
434 448 549 518 solum
564 445 840 532 defendendam,
865 445 927 516 sed
949 438 1163 516 etiam'adeo
1184 467 1245 514 or·
1349 431 1525 522 Responsio
1553 427 1837 520 aequationem
1864 428 2059 516 mpetum
2081 433 2117 502 ‹te
2133 435 2200 506 iiia

254 555 429 638 nandum,
461 564 501 620 ut
531 549 723 640 sapientiae
745 547 813 620 Dei
841 561 876 620 et
897 534 1140 642 providentiae
1167 571 1244 618 eam
1733 515 1853 586 Sim

255 678 448 746 congruere
469 653 634 727 dixerint.
692 649 753 724 Sic
776 651 871 722 enim
895 651 1172 722 ratiocinantur:
1202 647 1245 718 ln
1400 639 1450 714 Ut
1466 641 1581 713 foetus
1596 641 1634 709 in
1649 640 1729 711 alvo
1751 641 2049 713 sedet-involutus
2068 643 2240 718 suisfatcio·

255 759 451 828 materiaet
468 755 756 845 generationibus
772 754 863 824 nulli
882 754 1151 838 eliminabunt,
1175 751 1246 822 nisi
1299 745 1364 831 lis,
1390 759 1426 816 et
1446 746 1556 816 alitur
1577 757 1738 814 materno
1766 745 1856 814 lacte
1880 769 1944 836 per
1968 746 2182 839 cotyledones:
2206 750 2242 820 iti

100 887 103 896 ’
211 845 217 860 ’
255 859 433 954 prioribus
448 857 739 928 causisomnibus
751 858 1060 928 concurrentibus:
1083 847 1137 930 'Ut
1152 869 1245 926 terra
1300 872 1366 918 nos
1396 848 1435 916 in
1458 843 1615 928 Ecclesia
1639 847 1761 930 sedere
1791 847 1929 940 quietos
1959 850 2146 938 oportebat,
2167 851 2243 922 velut

256 961 517 1054 gigatisruges,
544 962 604 1029 sed
622 961 684 1044 ita,
705 983 784 1030 cuin
801 959 936 1048 rigator
949 962 993 1030 ab
1008 941 1176 1054 aquaset
1191 959 1248 1026 fo·
1301 951 1483 1020 involutos
1507 953 1614 1020 verlio
1631 949 1714 1034 Dei,
1735 963 1770 1020 et
1791 951 1840 1018 ali
1854 951 1978 1044 divino
1999 951 2082 1020 lacte
2095 975 2149 1044 per
2163 953 2243 1022 mini·

257 1065 548 1146 scrutabatur,
579 1087 644 1132 nec
660 1063 833 1132 elementa
858 1075 943 1132 sunt
966 1063 1152 1142 salutaria,
1177 1057 1247 1128 nisi
1301 1055 1448 1124 sterium
1472 1048 1743 1141 Evangelicum,
1775 1075 1840 1122 nec
1870 1077 2032 1145 rumpere
2060 1048 2118 1123 lias
2140 1068 2244 1124 nostras

257 1167 428 1238 alumine
446 1178 480 1235 et
499 1179 600 1236 motu
616 1165 757 1236 coelesti
775 1164 845 1232 vim
863 1165 1045 1256 accipiant.
1097 1163 1170 1234 Nec
1191 1163 1249 1232 lu·
1300 1157 1482 1236 fasciolas,
1509 1167 1541 1224 et
1560 1177 1726 1248 quaerere
1745 1155 1947 1246 peregrinas
1962 1156 2144 1248 opiniones

257 1293 339 1340 men
358 1282 393 1339 et
407 1281 524 1338 motus
540 1268 629 1338 coeli
648 1279 829 1338 servarent
843 1268 1028 1352 ordinem,
1055 1267 1124 1336 nisi
1140 1291 1159 1335 a
1174 1265 1250 1356 pri·
1390 1257 1486 1328 Haec
1503 1257 1687 1346 diligentia
1704 1257 1911 1328 retinendae
1928 1259 2103 1330 doctrinae
2118 1257 2246 1343 coelestis,

257 1396 315 1442 ma
334 1394 437 1442 causa
455 1384 661 1460 regerentur
674 1383 709 1440 et
723 1382 960 1440 servarentur.
1000 1367 1075 1439 lam
1092 1369 1176 1438 siin
1194 1362 1250 1436 bis
1303 1375 1338 1432 et
1360 1361 1516 1431 officium
1539 1358 1616 1429 Deo
1640 1359 1876 1448 gratissimum
1906 1376 1977 1447 est,
2002 1375 2036 1432 et
2057 1361 2246 1432 salutarisest

258 1473 452 1544 necessaria
468 1465 519 1542 est
531 1473 704 1542 connexio
725 1496 930 1558 causarum,
958 1473 1025 1543 erit
1042 1485 1077 1544 et
1092 1495 1251 1541 necessa·
1304 1466 1397 1533 vitae
1414 1476 1566 1535 nostroe.
1601 1459 1758 1554 Ideoque
1772 1463 1899 1534 clamat
1915 1459 2102 1556 Propheta:
2123 1463 2246 1534 Lucerna

260 1577 310 1646 ria
328 1576 367 1644 in
381 1574 583 1644 actionibus
598 1570 777 1662 humanis,
802 1575 884 1670 quia
900 1576 1034 1670 alioqui
1051 1577 1251 1658 destruere-
1305 1567 1454 1655 pedibus
1477 1567 1565 1634 meis
1586 1565 1734 1632 verbum
1752 1577 1866 1634 tuom.
1923 1565 1995 1638 Sed
2017 1579 2142 1636 mentes
2155 1561 2245 1635 hunia-

261 1696 318 1750 tur
342 1677 493 1770 species,
525 1677 595 1746 nisi
623 1692 658 1748 et
688 1677 763 1770 ipsa
791 1688 974 1768 regeretur
996 1691 1028 1746 et
1053 1691 1252 1748 servaretur
1305 1693 1371 1739 nae
1393 1667 1549 1738 mirabili
1566 1667 1720 1760 quadam
1735 1666 1877 1736 levitate
1892 1667 2003 1740 ⁴ludos
2018 1669 2178 1738 variarum
2194 1665 2246 1757 opi·

259 1781 417 1874 aprima
443 1802 558 1852 causa.
617 1777 708 1850 Cum
732 1795 851 1852 autem
877 1780 1071 1866 necessaria
1093 1781 1138 1851 sit
1165 1804 1252 1848 con·
1306 1774 1605 1842 nionumamant.
1655 1769 1741 1838 ldeo
1758 1790 1832 1838 non
1846 1771 1962 1842 solum
1981 1773 2019 1841 in
2036 1768 2189 1854 Ecclesia,
2208 1767 2246 1836 sel

260 1883 364 1954 nexio
385 1905 591 1968 causarum,
611 1895 646 1953 et
662 1897 785 1972 agente
802 1883 1026 1978 propinqua,
1052 1884 1125 1974 agit
1146 1883 1252 1952 etiam
1306 1876 1412 1946 etiam
1442 1873 1481 1940 in
1511 1865 1744 1963 Philosophia
1773 1886 1807 1942 et
1836 1875 2019 1946 communi
2039 1874 2128 1959 vita,
2155 1870 2246 1941 inultae

260 1985 394 2080 prima,
419 1985 579 2079 sequitur
602 1986 723 2056 omnia
748 1986 945 2056 necessario
969 1986 1065 2073 fieri,
1090 2009 1171 2054 cum
1195 1985 1254 2052 iri-
1307 1989 1529 2072 portentosae
1560 1973 1748 2082 opinion-es
1778 1997 1916 2066 semper
1952 1990 2094 2068 vagatae
2125 1987 2204 2058 sunt,
2225 1984 2246 2038 et

260 2087 461 2184 pulsionem
476 2088 636 2188 priqrum
654 2111 837 2160 causarum
853 2089 1033 2180 proximae
1049 2101 1253 2180 sequantur.
1307 2081 1542 2175 vagabantur.

1410 2180 1483 2250 Nec
1497 2194 1615 2248 tamen
1633 2179 1719 2250 sinit
1735 2203 1880 2272 prorsus
1897 2182 2057 2271 extingui
2073 2179 2239 2252 Deoslocen

1307 2283 1465 2356 veritatis
1484 2283 1522 2348 in
1538 2279 1694 2352 Ecclesia
1720 2306 1802 2366 soa,
1830 2285 1867 2356 in
1892 2309 1961 2378 qua
1978 2308 2058 2354 cuin
2081 2281 2241 2376 aliqiiisen·

1308 2413 1370 2480 per
1392 2387 1553 2460 custodes
1571 2385 1727 2454 veritatis
1745 2401 1930 2468 maneant,
1959 2383 2088 2458 horum
2103 2379 2252 2458 vocelleos

1309 2491 1385 2562 vult
1406 2489 1544 2557 moneri
1564 2488 1743 2574 iuniores,
1775 2502 1816 2558 ut
1838 2491 1929 2558 feras
1952 2491 2139 2559 sententias
2155 2487 2245 2556 discant

1308 2607 1342 2664 et
1356 2591 1633 2682 amplectantur,
1659 2591 1747 2659 etin
1767 2593 1883 2680 agnita
1900 2593 2050 2662 veritate
2066 2591 2246 2685 acquiescant

362 2221 515 2291 Addunt
532 2234 566 2290 et
586 2215 654 2290 boc
670 2233 934 2310 argumentum:
963 2221 1091 2292 Divina
1114 2221 1254 2312 praevi-

261 2325 314 2394 sio
331 2337 366 2394 et
388 2323 636 2392 determinatio
654 2336 705 2392 est
726 2324 982 2393 immutabilis:
1008 2319 1143 2394 Omnia
1165 2324 1256 2393 liunt

259 2425 337 2500 Deo
353 2425 581 2518 praevidente
597 2439 631 2494 et
649 2426 924 2496 determinante:
952 2425 1045 2498 Sunt
1059 2427 1169 2516 igitur
1185 2427 1255 2494 im-

260 2527 451 2600 mutabiles
465 2541 499 2597 et
515 2527 703 2596 necessarii
722 2543 882 2601 eventus.
923 2525 972 2598 Et
990 2529 1121 2599 multae
1139 2541 1256 2598 muta-

262 2632 377 2703 tiones
396 2630 561 2724 publicae
583 2641 616 2698 et
638 2629 798 2722 privatae
818 2631 868 2701 sic
889 2633 1076 2718 accidunt,
1110 2645 1151 2702 ut
1169 2631 1256 2700 dili·
1481 2692 1489 2708 ,
1794 2693 1802 2708 ·
2061 2696 2069 2712 ι

261 2733 416 2826 gentiam
446 2729 639 2804 humanam
665 2732 761 2802 vinci
791 2735 928 2803 arcanis
960 2735 1074 2804 causis
1104 2735 1256 2804 manife-
1307 2696 1384 2767 ΒΕΘ
1402 2707 1530 2783 ΨΜ
1545 2705 1661 2781 '‘¹3³⁰'’
1680 2694 1775 2785 ΨΜ
1792 2719 1964 2764 ¹¹¹¹m²¹¹⁵³
1984 2688 2245 2766 b⁰¹¹¹l³l⁰⁰¹lll⁵²

261 2850 356 2911 stum
370 2836 427 2914 sit.
481 2833 566 2904 ldeo
581 2834 698 2928 aliqua
718 2830 812 2906 certe
826 2835 924 2906 fatali
945 2837 1151 2907 necessitate
1173 2861 1254 2905 eve·
1308 2821 1385 2867 me
1410 2821 1493 2914 ⁸¹¹,³²
1520 2798 1564 2864 ad
1587 2817 1652 2864 ¹¹⁰⁵
1673 2795 1821 2916 ml⁵fff⁰⁸
1842 2797 1945 2890 ‘imi
1968 2798 2185 2896 ‘leitindenb
2203 2809 2246 2860 ⁵²⁵⁹

260 2939 340 3008 nire
358 2939 624 3010 concedendum
643 2952 706 3012 est,
768 2936 889 3027 Quate
906 2951 939 3008 et
956 2937 1134 3008 pingams
1148 2939 1255 3008 dixit:
1310 2901 1489 2994 patefecit,
1515 2911 1549 2966 et
1573 2921 1639 2965 nos
1659 2899 1811 2983 erudiit,
1837 2914 1871 2969 et
1894 2901 2154 2970 accommodent
2170 2911 2247 2963 seran

261 3039 390 3112 Fatum
422 3064 538 3135 neque
566 3039 660 3130 ignis
683 3063 799 3136 neque
826 3041 961 3111 ferreus
984 3063 1110 3113 murus
1138 3065 1256 3112 arcere
1309 3001 1506 3072 d⁰⁶lsi¹¹³¹¹¹
1528 3003 1572 3068 ad
1598 3001 1878 3120 introcationeqq,
1904 3005 2009 3124 etad
2033 3003 2199 3123 anliosusus
2215 3014 2247 3061 si·

261 3157 388 3235 potest.
800 3134 803 3144 ’
1309 3108 1457 3188 lutares,
1483 3128 1548 3172 nec
1563 3103 1781 3194 applaudant
1794 3105 1873 3174 aliis
1893 3107 2124 3197 opinionibus
2136 3119 2249 3195 pugnar-

1311 3209 1407 3278 tibus
1422 3231 1501 3276 cuin
1518 3207 1596 3274 luce
1614 3205 1748 3278 divina.

1412 3311 1483 3380 Sed
1507 3307 1732 3396 ingeniorum
1756 3307 1881 3378 levitas
1903 3325 1966 3382 aut
1990 3307 2185 3403 perversitas
2198 3296 2251 3369 biii

1311 3411 1452 3482 vincula
1469 3411 1589 3480 divina
1605 3433 1680 3478 non
1695 3411 1840 3501 patitur.
1893 3409 1978 3482 ldeo
1997 3413 2094 3482 velut
2109 3405 2189 3479 maie
2200 3401 2253 3472 snb

1310 3517 1395 3586 inde
1411 3515 1496 3595 aliis¹
1507 3512 1621 3582 ventis
1646 3514 1828 3600 turbatur,
1854 3514 1903 3584 ita
1920 3516 2073 3587 varietas
2093 3510 2253 3605 opinionon

351 3275 449 3347 Haec
465 3301 545 3347 cum
561 3275 746 3368 splendide
762 3276 942 3364 dicuntur,
968 3280 1163 3350 multorum
1179 3281 1255 3349 ani-

263 3401 341 3451 mos
367 3393 521 3450 movent.
573 3377 644 3448 Sed
668 3379 707 3447 in
729 3379 922 3450 iudicando
942 3383 1132 3472 prudentia
1153 3377 1257 3451 adhi-

262 3485 380 3554 bcnda
405 3494 474 3568 est,
506 3493 541 3550 et
559 3481 716 3573 primum
740 3483 1022 3553 constantissime
1049 3487 1256 3554 retinendae

264 3599 347 3702 nint
364 3580 430 3698 hai
446 3581 760 3701 d¹¹⁸⁰.⁸⁹m⁰¹¹¹i³²³
787 3579 912 3654 Deum
927 3607 1001 3654 ⁶³⁵⁶
1016 3609 1130 3680 ΨΜ
1147 3583 1258 3656 ΜΠ·
1311 3619 1463 3690 subinde
1478 3613 1670 3711 horribiles
1685 3627 1906 3706 tempestates
1922 3619 1961 3686 in
1977 3615 2132 3688 Ecclesia
2147 3609 2246 3684 excitat

258 3711 411 3773 ¹ramum.
461 3681 610 3755 Deinde
626 3707 689 3756 ner
706 3681 794 3756 velle
807 3682 947 3774 Deum,
974 3713 1035 3758 nec
1051 3687 1258 3786 approbare

821 3792 829 3808 ,
1111 3795 1120 3810 ,
1206 3794 1214 3810 ,
1411 3717 1458 3790 Et
1479 3719 1565 3788 haec
1588 3719 1663 3808 ipsa
1687 3719 1805 3788 Stoica
1828 3721 2080 3806 deliramenta,
2111 3711 2256 3808 dequibus

210 3821 211 3827 ’
265 3812 329 3860 ”²⁶
348 3783 488 3888 ‘fficm
510 3796 670 3908 Fufiam·
718 3789 893 3910 ,se‘lffllm'
917 3815 1021 3881 “3⁰³
1045 3793 1122 3861 ἢθη
1147 3808 1258 3862 ³⁰¹¹0‘
1311 3825 1382 3894 iam
1399 3823 1537 3904 dixisti,
1557 3822 1643 3890 olim
1659 3846 1801 3914 quoqne
1819 3823 2100 3914 perniciosarum
2116 3811 2256 3890 dissensio·

264 3915 328 3962 nes
362 3891 472 3960 malas
498 3893 670 3962 electione
701 3893 813 3968 libera
848 3885 1025 3963 humanae
1054 3897 1259 3980 voluntatis,

615 3995 624 4012 .
1005 3997 1013 4012 ,
1311 3952 1397 3996 num
1415 3927 1451 3994 in
1469 3922 1624 3994 Ecclesia
1642 3947 1765 3994 causae
1781 3925 1935 3996 fuerunt.
1982 3925 2079 3996 Hinc
2095 3911 2256 3994 enimlilat·

265 4019 332 4066 nec
353 3995 496 4063 volente
521 4017 585 4062 nec
613 3995 836 4085 impellente,
869 4019 934 4065 nec
955 3999 1146 4068 adiuvante
1171 3997 1276 4068 Deo'

493 4096 502 4112 ·
583 4096 593 4112 ·
898 4097 907 4115 .
974 4098 982 4114 .
1312 4030 1425 4100 cioiiis
1442 4043 1483 4121 et
1506 4021 1801 4096 Manichaeorum
1826 4023 1907 4122 hyle
1932 4044 2012 4100 orta
2032 4042 2102 4113 est,
2123 4038 2152 4096 et
2175 4029 2256 4112 postet

264 4097 356 4270 ξιξερο,
372 4095 465 4167 Μ’
491 4107 626 4191 mqmi:
666 4095 748 4168 Non
772 4093 869 4167 Deus
896 4113 1110 4197 ¹mp¹⁸¹³i⁰m
1136 4103 1259 4170 v⁰le¹¹⁵
1311 4131 1451 4222 saepius
1474 4132 1518 4200 ab
1538 4130 1635 4214 aliis,
1666 4129 1941 4212 utaVallensi,
1974 4117 2257 4202 necessitasstoiit

640 4303 647 4314 .
1312 4238 1351 4306 in
1366 4231 1560 4304 Ecclesiam
1577 4234 1716 4301 invecta
1730 4246 1792 4306 est.

367 4331 447 4405 Etsi
476 4348 595 4404 autern
625 4347 709 4404 sunt
730 4335 843 4428 aliqui
872 4336 994 4406 fatales
1020 4352 1183 4422 eventus,
1215 4342 1259 4406 de
1414 4334 1493 4407 Etsi
1515 4349 1633 4405 autem
1657 4358 1755 4402 nunc
1777 4334 1945 4425 explicari
1969 4330 2059 4406 haec
2076 4326 2210 4429 quaestio
2223 4319 2258 4388 iss-

267 4437 398 4531 quibus
411 4435 589 4506 Pindarus
610 4437 790 4530 loquitur,
819 4451 859 4508 ut
875 4439 1006 4507 multae
1024 4453 1107 4510 sunt
1125 4465 1259 4530 poenae
1313 4453 1407 4528 tegre
1428 4463 1500 4509 non
1519 4451 1654 4530 potest,
1681 4451 1801 4506 tamen
1817 4437 1978 4508 iuniores
1997 4453 2032 4510 et
2055 4441 2221 4508 admoneo,
2238 4429 2259 4486 ⁸¹

267 4539 430 4631 publicae
449 4553 483 4610 et
503 4539 678 4630 privatae,
704 4565 794 4633 quae
815 4535 971 4610 humana
996 4541 1180 4631 diligentia
1205 4546 1255 4612 vi·
1313 4554 1458 4634 propter
1479 4542 1627 4630 gloriam
1650 4539 1722 4610 Dei
1748 4539 1924 4625 obtestor,
1957 4555 2000 4612 ut
2024 4546 2207 4612 constanter
2222 4543 2260 4592 ὅ·

266 4643 336 4712 tari
369 4665 442 4711 non
477 4655 643 4732 possunt,
678 4657 795 4713 tamen
828 4665 952 4712 causae
986 4658 1260 4732 antecesserunt,
1312 4646 1462 4737 plodant
1481 4643 1619 4715 Stoicos
1642 4643 1798 4726 furores,
1830 4656 1865 4712 et
1885 4655 2061 4728 statuant,
2092 4639 2259 4710 Deumtere

267 4768 358 4836 quae
391 4744 499 4813 vitari
537 4757 711 4834 poterant.
771 4743 986 4839 Quanquam
1020 4761 1138 4816 autem
1175 4743 1259 4819 liaee
1313 4770 1386 4816 esse
1406 4746 1773 4836 agensliberrimum‚
1799 4751 2022 4816 nicenusam
2043 4737 2258 4818 essematam

268 4845 427 4938 quaestio
459 4845 595 4934 integre
628 4847 666 4914 in
696 4841 762 4918 hac
789 4849 959 4938 temporis
991 4851 1151 4938 angustia
1185 4876 1258 4922 non
1312 4849 1492 4922 actionum
1510 4848 1547 4916 in
1565 4842 1723 4920 homine.

266 4959 381 5038 potest
395 4945 572 5037 explicari,
595 4962 806 5020 tamencum
822 4952 911 5022 utile
926 4952 971 5022 sit
988 4953 1145 5024 iuniores
1161 4979 1259 5024 com·
1414 4950 1579 5022 Statuant
1595 4949 1712 5034 etiam,
1738 4945 1852 5018 Deum
1871 4948 2029 5018 voluisse
2045 4949 2201 5039 reliquam
2213 4946 2259 5000 0⁵⁵²

265 5047 465 5117 moneberi:
499 5044 578 5118 Oro
601 5051 717 5122 virum
743 5052 977 5123 clarissimam
1001 5051 1045 5129 D.
1068 5052 1257 5128 Doctorem
1311 5054 1511 5125 libertatem
1534 5053 1708 5144 aliquam,
1741 5051 1780 5120 in
1806 5045 1872 5124 hac
1893 5075 2098 5146 quanquam
2120 5035 2259 5116 miserati

267 5143 469 5244 Georgium
485 5145 697 5233 Maiorem,
730 5167 771 5224 ut
790 5155 833 5222 de
857 5155 1035 5228 solutione
1057 5157 1258 5230 Stoicorum
1311 5159 1499 5249 depravata
1518 5151 1703 5224 bominum
1720 5167 1857 5242 natura,
1875 5168 1916 5224 ut
1929 5153 2118 5246 disciplina
2130 5143 2259 5252 reginolf

265 5267 556 5343 argumentorum
589 5255 728 5348 aliquid
750 5256 862 5341 dicat,
904 5272 940 5352 et
963 5283 1026 5330 suo
1053 5261 1259 5332 testimonio
1311 5273 1380 5344 set,
1417 5259 1456 5327 in
1483 5283 1553 5353 qna
1585 5258 1674 5325 adeo
1702 5269 1858 5326 nostram
1886 5255 2127 5329 obedientiam
2152 5239 2261 5336 teqoitl

265 5357 445 5440 ostendat,
482 5351 575 5426 hane
609 5353 767 5428 scholam
800 5382 820 5428 a
853 5355 983 5432 Stoicis
1016 5363 1260 5436 deliramentis
1311 5361 1407 5432 Deus
1428 5362 1474 5431 ab
1491 5360 1680 5444 omnibus,
1703 5372 1744 5429 ut
1760 5358 1982 5430 terribilibus
1999 5351 2163 5448 exemplis
2175 5347 2204 5416 io
2218 5335 2261 5407 lut
2279 5413 2280 5440 ἶ

265 5453 469 5534 abhorrere.
722 5463 725 5472 ’
1311 5464 1384 5536 vita
1400 5463 1607 5555 disciplinae
1623 5461 1855 5534 violationem
1870 5459 2010 5554 puniat.
