4666 6170
81 265 159 350 2⁰5
438 261 696 346 SCRIPTA
727 263 803 340 Ab
838 261 1037 340 VITAM
1067 259 1145 342 ΕΤ
1177 259 1421 344 OBITUM
1453 261 1766 350 MELANTH.
2051 269 2130 344 sou

80 441 264 521 redemtio.
315 435 444 514 Edidit
466 443 552 516 alias
573 429 705 516 multas
724 453 808 512 ante
822 451 975 511 mortem
993 462 1077 511 sau·-
1217 438 1304 512 Tibi
1319 455 1463 512 aeterne
1473 439 1573 514 Deus
1586 457 1620 514 et
1631 441 1739 514 Pater
1750 441 1898 516 Domini
1911 439 2025 512 nostri
2042 437 2124 514 lesu

80 547 253 622 ctissimas
273 567 396 626 voces,
423 569 512 640 quae
536 547 683 616 fuerunt
707 543 910 614 testimonia
935 541 1078 636 pietatis
1125 535 1259 614 Christi
1280 544 1412 634 gratias
1430 546 1585 635 agimus,
1615 549 1712 640 quod
1734 541 1831 618 hunc
1853 547 1989 631 virum,
2022 537 2121 616 hune

79 650 211 748 ipsius,
243 671 361 742 neque
382 641 442 718 hic
465 647 591 718 referri
614 669 737 718 omnes
763 659 932 740 possunt,
962 643 1076 716 Panlo
1125 645 1284 738 inquam,
1306 643 1485 737 Angelum
1500 661 1600 718 tuum
1617 649 1722 718 nobis
1736 663 1808 720 tam
1825 648 1890 720 diu
1905 645 2121 732 concessisti,

78 767 199 827 autem
226 763 418 844 antequam
447 741 625 821 exhalaret
652 747 824 834 animam,
855 771 937 818 cum
957 771 977 818 a
1000 743 1077 818 Do-
1125 760 1159 818 et
1179 747 1295 818 lucem
1321 749 1421 819 verbi
1444 749 1495 818 tui
1521 773 1585 842 per
1606 773 1686 820 enm
1710 753 1803 822 inter
1824 775 1890 822 nos
1914 748 2119 822 accendisti.

78 857 183 930 mino
210 851 357 924 Pastore
385 851 620 922 recitarentur
640 851 768 936 verba,
807 862 1006 943 quaesunt
1037 847 1077 918 in
1125 843 1283 922 Oramus
1294 863 1349 936 te,
1372 865 1414 923 ut
1429 851 1520 922 alios
1532 845 1617 924 hnic
1633 851 1768 924 similes
1781 851 1971 934 Doctores,
1998 864 2031 924 et
2049 851 2119 920 mi·

77 955 279 1048 Evangelio
297 949 485 1024 lobannis:
511 953 618 1026 Dedit
631 953 682 1024 eis
697 964 917 1045 potestatem,
942 947 1076 1024 utFilii
1124 952 1256 1024 nistros
1279 975 1419 1045 semper
1439 953 1478 1024 in
1503 947 1569 1024 hac
1584 948 1715 1026 Schola
1736 970 1769 1026 et
1785 951 1944 1028 Ecclesia
1967 953 2119 1026 excitare

77 1061 142 1136 Dei
166 1061 277 1144 liant,
303 1055 366 1150 qui
388 1058 538 1128 credunt
560 1056 598 1126 iu
616 1055 763 1126 nominc
778 1053 864 1129 eius.
916 1051 1076 1126 Sublatis
1124 1053 1224 1140 velis,
1245 1055 1340 1126 iuxta
1356 1054 1598 1126 dulcissimam
1614 1057 1883 1150 promissionem
1894 1055 1972 1128 lesu
1982 1045 2119 1128 Christi

77 1163 193 1236 ocsslis
217 1173 253 1230 et
274 1157 440 1229 manibus
456 1159 562 1230 dixit:
589 1155 670 1229 Hoc
692 1158 828 1228 dictum
851 1155 971 1226 animo
995 1179 1075 1226 meo
1123 1156 1189 1225 filii
1219 1155 1292 1242 tui,
1332 1155 1414 1228 Non
1447 1157 1647 1254 relinquam
1674 1184 1737 1230 vus
1765 1155 1980 1254 Orphanos,
2012 1155 2119 1229 Certe

76 1285 219 1358 semper
234 1262 460 1332 obversatur:
488 1255 575 1332 Ote
589 1261 739 1347 felicem,
764 1257 987 1351 Praeceptor,
1011 1258 1074 1352 qui
1122 1281 1220 1330 nuuc
1239 1255 1344 1330 Patre
1369 1253 1437 1331 hoc
1466 1261 1593 1332 amisso
1616 1255 1785 1353 Orphani
1809 1287 1949 1344 sumus,
1981 1260 2052 1332 nisi
2075 1273 2117 1330 tu

78 1369 114 1440 iu
136 1364 208 1438 hac
234 1359 325 1434 hora
350 1358 443 1434 hanc
463 1361 702 1434 firmissimam
723 1360 847 1432 salutis
866 1355 1073 1431 Anchoram
1122 1357 1219 1430 Deus
1232 1361 1366 1452 optime
1381 1385 1447 1433 nos
1461 1363 1653 1434 clementer
1669 1365 1873 1458 respexeris.
1924 1363 1985 1436 Tu
2006 1362 2117 1454 igitur

79 1465 301 1565 prehendere
319 1463 478 1558 potuisti.
529 1461 694 1558 Denique
718 1463 857 1535 assidue
873 1463 987 1532 donec
1001 1461 1075 1554 spi·
1121 1459 1255 1532 Lucem
1271 1465 1371 1534 verbi
1387 1465 1440 1536 tui
1456 1464 1496 1534 in
1511 1465 1616 1536 nobis
1633 1489 1707 1536 uon
1725 1467 1861 1558 patiare
1874 1465 2049 1556 extingui,
2075 1478 2117 1536 tu

83 1595 152 1646 rare
168 1567 311 1666 potuit,
335 1567 476 1638 iteravit
492 1561 585 1638 hanc
605 1567 860 1660 precationem:
883 1561 982 1636 Deus
1003 1563 1075 1633 mi·
1122 1587 1261 1656 semper
1276 1564 1344 1637 tibi
1360 1563 1557 1637 Ecclesiam
1573 1567 1667 1638 iuter
1682 1591 1749 1639 nos
1766 1593 1950 1661 congrega,
1974 1591 2064 1662 quac
2081 1581 2117 1636 te

83 1697 190 1746 serere
212 1669 289 1742 mei
304 1693 369 1763 per
382 1663 565 1742 Christum
588 1670 702 1740 lilium
718 1682 840 1750 tuum,
864 1678 898 1736 et
911 1666 1074 1736 sensibus
1122 1681 1216 1738 recte
1233 1667 1374 1738 invocet
1393 1681 1427 1738 ct
1441 1669 1594 1740 celebret
1609 1669 1648 1740 in
1664 1685 1866 1758 aeteruum,
1890 1669 1949 1742 Tu
1964 1673 2008 1742 da
2024 1669 2117 1740 fidos

80 1773 319 1867 integerrimis
338 1773 425 1862 fuit,
450 1795 562 1866 usque
584 1773 630 1842 ad
652 1771 818 1842 ultimum
833 1768 926 1840 vitae
940 1768 1073 1839 articu-
1120 1766 1313 1850 Doctores,
1337 1771 1476 1862 qualem
1494 1771 1564 1840 iam
1579 1795 1598 1842 a
1616 1773 1721 1844 uobis
1735 1777 1780 1844 ad
1796 1787 1831 1844 te
1846 1771 2029 1846 revocasti.
2066 1767 2118 1844 Et

78 1881 168 1964 lum,
194 1877 290 1948 Nam
306 1869 393 1944 haec
405 1875 474 1946 fuit
489 1875 565 1944 eius
580 1886 754 1966 postrema
769 1895 858 1957 vox,
882 1895 952 1964 qua
966 1883 1072 1942 testa·
1121 1895 1187 1942 nos
1202 1873 1239 1942 in
1256 1873 1325 1942 lide
1341 1867 1476 1944 Christi
1491 1873 1555 1942 filii
1571 1874 1643 1960 tui,
1670 1875 1708 1944 in
1731 1877 1800 1944 lide
1816 1878 1964 1974 inquam
1979 1897 2062 1944 vers
2079 1888 2115 1944 et
2137 1941 2142 1948 .

77 2001 129 2056 tus
145 1994 201 2052 est
218 2001 256 2050 se
269 1976 395 2048 audire
408 1987 444 2047 et
466 1975 664 2068 intelligere
680 1999 738 2058 ea,
758 1995 849 2068 quae
867 1997 887 2044 a
908 1973 1013 2044 uobis
1030 1997 1071 2042 cx
1120 1973 1160 2044 in
1177 1975 1439 2046 verbosiorem
1454 1999 1622 2046 conserva
1642 1977 1681 2046 in
1697 2001 1842 2048 omnem
1858 1978 2116 2054 aeternitatem,

76 2109 171 2157 sacra
204 2077 383 2174 scriptura
413 2077 664 2153 recitabantur.
720 2073 916 2149 Resolutus
950 2075 1071 2170 itaque
1119 2101 1183 2169 per
1197 2073 1380 2148 Christum
1402 2075 1537 2148 Filium
1555 2091 1676 2165 tuum,
1700 2079 1830 2158 Arnen.

75 2185 249 2281 paulatim
276 2205 366 2274 pene
390 2180 467 2250 sine
493 2204 599 2252 sensu
621 2179 746 2250 mortis
768 2179 911 2248 taudem
935 2178 1071 2270 spirare

75 2289 197 2376 desiit,
232 2301 267 2358 et
288 2283 388 2380 quasi
416 2283 600 2376 obsepitus
631 2281 757 2368 iacuit,
791 2303 906 2376 neque
930 2279 1003 2351 ulla
1031 2279 1069 2348 in

74 2393 161 2466 facie
197 2387 368 2482 apparuit
401 2385 630 2471 deformatio,
670 2399 733 2456 aut
769 2384 1069 2456 lineamentorum
1133 2412 1331 2489 Noffmq·

76 2494 248 2577 mutatio,
280 2490 374 2562 sicut
396 2489 435 2560 in
464 2503 578 2560 morte
601 2488 678 2559 lieri
701 2487 801 2561 solet.
853 2483 953 2556 Felix
977 2487 1070 2578 ipse,
1123 2511 1350 2546 -w-—ae

78 2621 177 2692 quem
192 2606 277 2688 post
291 2593 398 2664 talem
416 2591 672 2664 confessionem
691 2605 725 2662 et
742 2603 811 2660 tam
834 2588 1068 2680 multiplicem

1827 2285 2114 2303 *um

1926 2417 2108 2544 Q

79 2697 338 2770 invocationem
354 2691 451 2764 Dens
465 2693 515 2766 ita
534 2692 675 2786 placido
692 2705 726 2764 et
739 2689 934 2784 tranquillo
951 2703 1068 2760 traus-

82 2805 127 2872 itu
147 2825 190 2872 ex
217 2794 285 2868 hac
305 2795 431 2866 misera
448 2809 483 2866 ct
504 2818 716 2866 aerumnosa
735 2793 808 2864 vita
825 2793 871 2862 ad
887 2806 1067 2862 aeternam
1117 2765 1137 2852 (

84 2905 278 2976 felicitatem
292 2898 483 2971 transtulit.
517 2895 629 2968 Nobis
644 2911 774 2980 autem,
792 2895 935 2987 suisque
948 2893 1068 2964 omni-

92 3007 147 3076 bus
157 3021 187 3078 et
201 3000 335 3075 hartsm
351 3000 535 3092 regionum
545 2997 727 3084 Ecclesiis‚
746 3012 851 3090 etque
867 2991 951 3068 huic
963 2992 1071 3068 scho-

90 3107 134 3178 lae
146 3106 388 3178 tristissimum
410 3103 467 3173 sui
482 3101 696 3174 desiderium
717 3099 881 3192 reliquit,
906 3098 1066 3194 quicum

84 3211 168 3282 velut
183 3211 226 3280 in
241 3206 356 3278 saevis
371 3205 635 3298 tempestatibus
648 3203 757 3274 maris
771 3201 951 3286 iactemur,
977 3224 1069 3270 nau-

82 3315 207 3384 clerum
229 3325 395 3382 nostrum
418 3307 620 3393 amisimus,
656 3319 742 3377 tunc
762 3329 843 3374 cum
866 3303 942 3374 eius
966 3327 1067 3395 prae-

77 3417 182 3488 seutia
198 3413 307 3486 nobis
323 3435 430 3505 qnam
450 3408 602 3480 maxime
616 3433 706 3503 opus
727 3421 834 3492 esset,
860 3429 975 3499 neque
991 3405 1066 3476 ullo

77 3535 235 3612 tempore
249 3515 381 3599 minus,
406 3535 513 3608 quam
526 3535 633 3593 nunc,
660 3537 702 3582 eo
717 3534 836 3582 carere
851 3523 1065 3601 poteramus.

77 3617 119 3693 Et
135 3621 224 3692 satis
235 3629 393 3710 apparet,
413 3615 500 3710 quid
515 3609 613 3684 Deus
630 3613 668 3684 in
685 3613 805 3684 animo
820 3605 959 3696 habeat,
983 3634 1067 3680 cum

76 3727 158 3796 tales
173 3719 339 3794 homines
351 3743 394 3788 ex
409 3713 476 3788 hoc
491 3719 625 3786 mundo
642 3717 767 3801 aufert,
782 3739 828 3784 ne
841 3714 914 3786 sint
929 3726 1065 3804 specta-

75 3847 164 3898 tores
181 3820 447 3894 imminentium
466 3819 717 3894 calamitatum.
755 3816 849 3888 Nolo
865 3817 956 3885 male
971 3815 1065 3886 omi-

73 3931 167 4014 nari,
193 3929 238 3997 ad
259 3924 512 4018 poenitentiam
529 3936 648 3994 tamen
664 3944 730 3991 nus
744 3935 777 3991 et
794 3921 837 3988 ad
859 3919 1064 4010 patientiam

81 4051 344 4122 praeparemus,
370 4041 411 4097 ut
433 4025 489 4093 vel
512 4025 601 4094 iram
625 4021 774 4094 Domini
798 4022 970 4111 effugere,
996 4021 1064 4100 vel,

79 4137 102 4204 si
134 4137 180 4204 sit
205 4155 317 4224 opus,
355 4143 536 4219 paternam
565 4127 829 4217 castigationem
857 4125 1065 4194 obedienter

74 4241 162 4308 ferre
186 4233 374 4328 possimus.
423 4228 538 4301 Debet
561 4229 656 4299 enim
677 4229 801 4298 talium
825 4226 983 4296 virorum
1005 4226 1063 4294 in-

74 4341 197 4412 teritus
211 4359 278 4406 nos
293 4335 444 4406 excitare
457 4335 502 4402 ad
517 4331 681 4404 timorem
698 4327 785 4415 Dei,
811 4331 855 4398 ad
876 4328 1063 4421 poeniten-

74 4445 155 4516 tiam
172 4457 209 4514 et
224 4437 462 4508 ardentiorem
481 4433 736 4528 precationem,
762 4447 796 4503 et
814 4446 853 4502 ut
870 4431 981 4515 cauti,
1006 4433 1062 4500 di-

74 4547 221 4636 ligentes
244 4565 285 4611 ac
307 4540 425 4610 fideles
445 4539 555 4608 simus
579 4537 618 4604 in
641 4536 873 4605 custodiendo
892 4533 1063 4624 deposito,

1455 2601 1692 2718 Scriptum
1722 2604 1774 2693 G.

1138 2761 1307 2848 Quaedam
1324 2781 1367 2828 ex
1381 2765 1756 2834 oratiosovicersctoris
1769 2767 1802 2834 d.
1813 2765 1958 2852 iibdpr.
1968 2767 2112 2850 habits.)

1184 2901 1292 2986 Scripta
1309 2898 1386 2972 publ.
1405 2900 1491 2956 aest.
1508 2900 1622 2956 Witeb.
1643 2901 1680 2960 T.
1696 2904 1746 2960 lV.
1767 2903 1808 2962 lit.
1829 2897 1869 2973 Q.
1887 2907 1913 2960 5.
1932 2933 1967 2946 ·-
2001 2903 2110 2960 Decus·

1222 2982 1302 3032 ettam
1324 2969 1351 3024 in
1371 2967 1486 3024 isbellos
1513 2967 1662 3025 Orationes
1686 2975 1791 3046 aliquot
1819 2973 1949 3029 recitatae
1971 2973 1999 3026 in
2021 2971 2109 3028 dead.

1218 3037 1457 3094 warenensem
1479 3058 1543 3106 ore,
1581 3057 1617 3092 uo
1639 3041 1839 3111 praelectiones
1856 3043 1977 3126 publicas
1992 3042 2061 3096 liev-
2083 3051 2111 3096 et

1220 3109 1331 3194 Clpriss.
1355 3109 1409 3165 viri
1433 3059 1550 3190 Philippi
1604 3109 1655 3180 el.,
1674 3112 1752 3166 obitu
1763 3112 1843 3168 buius
1857 3121 2040 3184 interruptas,
2057 3110 2109 3164 aii·

1218 3196 1267 3250 qus
1289 3197 1319 3230 er
1341 3177 1543 3248 professoribus
1561 3177 1595 3231 de
1619 3182 1736 3235 consilio
1758 3179 1921 3240 Academiae
1945 3182 2111 3236 continuare

1219 3255 1371 3314 coeperunt
1417 3247 1529 3302 Witeh.
1550 3267 1579 3300 er
1596 3247 1673 3304 offic.
1690 3249 1886 3322 typographica
1899 3250 1955 3303 Viti
1963 3251 2112 3322 Creutaer,

1224 3317 1292 3370 1⁵6⁰
1322 3317 1350 3372 ί
1384 3317 1448 3370 ltem
1465 3314 1496 3370 iu
1510 3316 1598 3370 libros
1614 3317 1781 3386 Orationes,
1804 3318 1937 3390 epitaphia
1957 3329 1985 3373 et
1997 3317 2113 3393 scripta,

1242 3404 1290 3438 uae
1302 3385 1373 3438 edita
1387 3393 1451 3438 suut
1465 3385 1498 3438 de
1512 3397 1600 3439 morte
1613 3385 1681 3442 Phil.
1695 3387 1831 3444 Melanth.
1848 3387 1887 3443 lit.
1901 3388 1928 3442 J.
1942 3389 1967 3442 5.
2004 3386 2110 3456 (Ques-

1220 3406 1283 3510 iam
1296 3471 1327 3506 ex
1345 3453 1471 3508 oratioue
1490 3455 1521 3506 d.
1537 3455 1580 3507 die
1598 3452 1641 3510 ld.
1660 3457 1764 3527 Aprilis
1791 3457 1864 3511 156⁰.
1882 3456 1972 3512 habits
1991 3475 2005 3511 a
2023 3457 2110 3512 Viss-

1218 3533 1326 3580 rsctors
1340 3523 1504 3578 Academiae
1518 3523 1609 3580 visch.
1627 3524 1749 3596 Georgica
1765 3526 1891 3594 Maiore,
1907 3528 1940 3580 de
1954 3526 2051 3580 ordine
2064 3525 2109 3580 le·

1216 3593 1343 3650 otiosum
1361 3591 1530 3666 publicarum
1544 3593 1696 3650 constituto
1710 3607 1772 3666 pust
1785 3595 1890 3651 obitum
1900 3593 2110 3665 metasthenis.)

1144 3747 1187 3829 V
1186 3751 1352 3824 icereclor
1377 3759 1409 3822 et
1437 3745 1670 3925 Profpssores
1689 3749 1917 3874 'Academias
1950 3751 2022 3830 W
2019 3753 2084 3826 ite·

1550 3877 1724 3952 ergeusss.

1216 4122 1485 4198 Deliberatione
1501 4127 1600 4218 gravi
1619 4142 1654 4200 et
1678 4131 1842 4222 diligenti
1857 4128 2018 4204 adhibita
2034 4135 2112 4206 dis·

1116 4229 1306 4302 tribuimus
1322 4252 1447 4319 operas
1464 4229 1678 4318 lectionum,
1692 4234 1782 4304 sicut
1792 4235 1899 4324 paulo
1909 4249 2110 4327 posterpo·

1116 4355 1252 4416 nemus,
1267 4331 1316 4401 ita
1332 4332 1491 4425 quidem,
1507 4345 1547 4402 ut
1564 4347 1599 4406 et
1615 4335 1733 4425 plures
1749 4335 1993 4410 addiderimus
2006 4341 2110 4431 prio-

1115 4434 1234 4518 ribus,
1254 4446 1290 4504 et
1313 4455 1390 4516 eas,
1416 4457 1502 4527 quas
1519 4435 1702 4506 Dominus
1717 4427 1920 4536 Philippus
1936 4435 2109 4516 hacteuus

1114 4535 1298 4608 consuevit
1328 4557 1519 4628 usurpare,
1560 4537 1766 4632 aliquandiu
1798 4541 1984 4612 obeundas
2011 4545 2109 4616 inter

74 4650 165 4742 qnod
191 4643 229 4716 lsi
246 4645 319 4714 duo
336 4641 403 4710 viri
421 4635 599 4711 Lutherus
619 4663 660 4708 ac
676 4633 868 4728 Philippus
881 4638 974 4726 apud
997 4657 1062 4704 nus
1112 4635 1276 4726 collegas
1285 4639 1457 4730 quosdam
1475 4653 1616 4710 nostros
1630 4641 1750 4729 partiti
1766 4639 1887 4717 simus.
1914 4643 2108 4734 Speremus

73 4751 311 4846 reliquerunt,
338 4767 465 4834 nempe
479 4744 517 4812 iu
534 4741 688 4832 puritate
708 4754 822 4811 castae
839 4753 874 4808 et
898 4737 1062 4808 inconta-
1115 4741 1210 4808 enim
1244 4737 1474 4810 illustrissimi
1509 4739 1689 4832 Principis
1718 4769 1759 4816 ac
1792 4741 1962 4830 Domini,
1995 4745 2104 4822 Dom.

73 4855 224 4924 minatae
239 4848 422 4920 doctrinae
436 4845 687 4915 conservanda.
737 4840 821 4912 Non
839 4839 948 4930 igitur
965 4863 1063 4910 nuuc
1116 4837 1293 4937 Augusti,
1318 4839 1612 4913 DocisSaxoniae
1626 4839 1818 4933 Electoris,
1841 4845 1947 4918 buius
1963 4844 2107 4922 scholae

73 4951 154 5026 hora
169 4965 234 5040 est,
256 4967 296 5024 ut
313 4953 423 5021 simus
437 4947 563 5030 securi,
580 4959 641 5016 aut
655 4958 854 5026 stertamus,
872 4943 932 5011 sed
951 4941 1062 5015 simus
1115 4944 1379 5016 clementissimi
1396 4957 1428 5014 et
1451 4943 1774 5020 munificentissimi
1790 4951 1998 5038 nutritoris,
2020 4977 2106 5024 cura

71 5059 273 5148 vigilantes,
296 5053 462 5122 Vidimus
478 5049 564 5146 quid
583 5061 660 5140 post
675 5041 824 5118 Lutheri
841 5057 990 5116 mortem
1006 5067 1062 5114 se-
1115 5062 1149 5118 ct
1164 5045 1334 5130 consilio,
1358 5045 1468 5114 alium
1486 5047 1688 5118 eruditione
1705 5063 1740 5120 et
1755 5053 1902 5122 caeteris
1918 5053 2026 5124 donis
2045 5080 2107 5124 ex-

73 5179 185 5230 cusum
215 5171 289 5241 est,
323 5153 411 5249 quid
438 5153 508 5223 iam
541 5152 588 5223 sit
620 5151 897 5242 expectandum,
931 5169 1062 5238 prose
1114 5149 1300 5216 cellentem
1320 5146 1437 5215 virum
1458 5149 1654 5241 quaesitum
1678 5151 1743 5230 iri,
1769 5153 1825 5224 cui
1847 5153 2039 5226 substituto
2067 5157 2106 5228 in

72 5263 215 5358 quisque
240 5270 394 5350 reputes.
455 5253 538 5326 Nou
560 5275 704 5347 possum
732 5254 835 5346 plura
858 5252 989 5321 addere
1012 5251 1059 5320 ob
1085 5262 1089 5292 ¹
1114 5250 1232 5320 locum
1257 5249 1415 5320 defuncti
1438 5247 1484 5324 D.
1507 5243 1666 5342 Philippi
1693 5253 1850 5322 eiusdem
1873 5280 2002 5348 operae
2025 5273 2103 5332 tutu

71 5365 236 5456 temporis
272 5359 504 5444 brevitatem,
550 5371 586 5429 et
617 5354 730 5426 animi
765 5355 835 5424 mei
872 5353 1060 5447 perturba·
1114 5367 1149 5424 et
1169 5350 1306 5422 utiliter
1327 5351 1501 5422 committi
1522 5369 1665 5446 queant.
1717 5352 1856 5426 lntcrea
1880 5381 1965 5428 vero
1988 5361 2105 5435 donec

69 5465 206 5540 riom
1083 5464 1090 5526 l
1113 5453 1193 5529 talis
1208 5451 1339 5548 aliquis
1353 5451 1504 5526 idoneus
1520 5453 1743 5547 inveniatur,
1769 5459 1989 5532 decrevimus
2001 5487 2044 5534 ex
2061 5488 2103 5534 re
