4666 6170
102 260 188 338 ets
494 261 748 343 SCRIPTA
776 263 853 341 An
878 263 1073 344 VITAM
1097 264 1173 344 ET
1198 261 1437 364 OBITUM
1463 259 1767 348 mantum
2061 281 2139 358 214

96 451 138 506 ut
167 435 393 508 frumentum
419 443 593 516 co'e'meret
612 443 657 514 ad
683 463 768 514 usias
791 465 955 530 suorum,
980 443 1009 514 si
1033 469 1098 514 an·
1149 441 1212 512 illa
1229 439 1287 510 dic
1302 463 1417 534 neque
1433 440 1662 534 sequentibus
1682 443 1995 535 apraelectionum
2021 455 2138 544 operis

95 563 219 608 nonae
238 541 366 610 caritas
383 541 566 626 incideret,
589 549 685 640 quod
704 559 737 616 et
753 547 969 616 deconsiliis
986 547 1097 638 ipsius
1149 543 1282 614 talibus
1305 542 1462 612 consiliis
1484 544 1584 636 quasi
1601 544 1767 615 violentis
1790 551 2002 642 quibusdam
2021 557 2136 628 abdu-

92 641 323 727 factumest,
349 657 383 714 et
410 667 505 716 nrrnc
521 649 621 740 quasi
644 674 684 718 ex
702 661 911 720 testamento
927 646 972 720 D.
989 647 1097 720 Prae·
1148 659 1225 716 ctus
1239 645 1307 714 suit
1320 659 1382 716 aut
1397 646 1604 738 impeditus,
1630 671 1710 716 cum
1727 671 1867 741 semper
1881 655 2026 746 quidem
2052 681 2134 730 ora-

93 743 255 834 reptoris
275 746 321 816 ab
347 739 413 816 hac
436 763 642 820 asservatur.
702 753 822 844 Atque
849 745 935 821 haec
957 751 1097 822 locutus
1148 763 1246 818 retur
1267 761 1308 818 ut
1329 747 1396 816 sibi
1421 761 1586 838 parceret.
1645 747 1799 822 Domum
1821 755 1988 828 reductus
2012 781 2162 832 rursns'

94 846 197 938 quod
215 845 308 916 cirea
323 869 454 916 nonam
472 873 544 920 esse
561 865 718 942 putaret,
746 876 837 944 quae
857 865 930 924 erat
948 854 1096 924 ordina·
1147 849 1187 920 in
1210 849 1314 920 sedili
1339 849 1446 938 longo
1472 873 1535 918 suo
1564 851 1733 921 decubuit
1752 866 1857 946 atque
1889 858 2011 930 relicto
2037 865 2133 952 apud

94 947 148 1018 ria
174 941 269 1018 hora
297 971 485 1040 operarum
515 953 626 1043 ipsius
655 953 898 1044 publicarum,
931 958 1096 1044 surgebat
1147 976 1228 1022 enm
1250 951 1360 1022 altero
1382 976 1423 1022 ex
1448 951 1512 1036 iis,
1544 953 1606 1044 qui
1635 977 1715 1022 eum
1740 956 1884 1026 domum
1909 963 2134 1050 reduxerant,

94 1051 139 1119 de
156 1049 288 1131 sedili,
313 1063 349 1122 et
365 1051 582 1142 parabat'se,
607 1071 647 1128 ut
663 1055 1095 1150 adpraelectionemDia·
1146 1054 1235 1126 alter
1263 1055 1372 1122 abeo
1396 1053 1573 1133 discessit,
1606 1057 1703 1148 quod
1728 1057 1858 1128 diceret
1880 1083 1917 1128 se
1942 1061 2062 1132 literas
2088 1071 2132 1136 ad

95 1149 246 1220 lecticae
274 1153 520 1240 descenderet,
551 1180 634 1226 nam
659 1159 724 1228 etsi
748 1151 842 1228 nihil
863 1159 1096 1230 omittebatur
1146 1153 1390 1225 Camerarium
1432 1156 1719 1245 obsignatorem,
1772 1159 1808 1226 id
1860 1186 1941 1230 cum
1961 1165 2132 1252 ,audie-ee,

96 1253 291 1326 etorando
309 1267 344 1324 et
359 1248 558 1342 hortando,
584 1259 737 1332 obtineri
751 1273 869 1330 tamen
892 1285 966 1330 non
993 1275 1093 1352 pote-
1147 1258 1261 1326 scribe
1285 1257 1316 1324 ei
1342 1256 1460 1349 inquit
1484 1281 1540 1327 me
1566 1259 1701 1328 calculo
1728 1259 1899 1351 impedire
1927 1266 1972 1334 ab
2005 1266 2132 1340 itinere

97 1369 165 1436 rat,
197 1367 240 1426 ut
258 1355 329 1424 sibi
346 1350 464 1452 bacin
484 1373 582 1450 parte
606 1376 783 1454 parceret,
809 1376 843 1434 et
867 1363 1092 1453 praelegendi
1146 1357 1343 1442 lilisnensi,
1369 1359 1539 1428 invitatus
1556 1359 1650 1428 enim
1675 1362 1789 1432 iuerat
1806 1365 1848 1431 ad
1875 1365 2131 1456 inspectionem

100 1479 228 1548 operae
244 1459 506 1550 supersederet,
532 1463 644 1552 legam
671 1463 789 1558 inquit
815 1465 1002 1534 dimidiam
1026 1460 1093 1535 ho·
1145 1462 1328 1530 solennem
1360 1460 1439 1530 ludi
1462 1461 1579 1547 illius,
1613 1475 1647 1532 et
1675 1477 1892 1541 caeterorum
1926 1469 2132 1547 illustrium.

105 1559 241 1644 sulam,
261 1575 382 1651 postea
406 1561 444 1632 in
463 1559 638 1634 Balneum
652 1568 881 1651 descendam,
931 1563 1093 1660 Cumque
1145 1561 1284 1632 interea
1303 1573 1490 1646 tumnona
1506 1564 1707 1648 audiretur,
1733 1567 1777 1634 de
1794 1565 1963 1640 iis'ferme
1978 1583 2129 1656 tantum,

101 1683 227 1732 manus
247 1659 368 1734 lavare
381 1663 488 1752 vellet
506 1669 602 1760 qnod
626 1681 721 1738 certo
744 1669 894 1738 consilio
917 1691 1020 1760 saepe
1039 1669 1093 1738 ia·
1145 1689 1234 1758 quae
1251 1663 1412 1756 publicae
1433 1665 1470 1732 iu
1486 1665 1638 1736 lectione
1656 1667 1904 1758 propositurus
1921 1685 2031 1758 esset,
2055 1699 2131 1746 ser·

98 1785 173 1832 ecre
188 1779 443 1847 consueverat,
470 1779 504 1837 et
519 1769 562 1838 ad
585 1769 794 1839 malluvium
817 1793 881 1861 per
899 1769 1092 1840 scabellum
1144 1761 1415 1836 moneshahuit.
1466 1765 1565 1836 Hora
1585 1791 1679 1836 nona
1701 1771 1746 1838 ad
1770 1769 1957 1842 lectionem
1983 1777 2130 1846 descen-

98 1865 203 1934 altius
218 1867 444 1952 ascenderet,
469 1869 517 1938 ita
539 1870 693 1940 difficilis
713 1871 746 1940 ei
763 1871 919 1940 ascensio
932 1871 1038 1942 fiebat
1051 1885 1091 1941 ut
1145 1868 1216 1950 dit,
1249 1868 1287 1936 in
1312 1889 1382 1961 qua
1408 1868 1635 1938 dissimulans
1657 1869 1932 1942 imbecillitatem
1957 1894 2130 1970 quantum

96 1966 242 2036 labente
258 1989 353 2056 genu
367 1969 477 2040 altero
493 1995 583 2062 pene
599 1973 829 2058 concidisset,
855 1997 924 2068 qua
941 1997 979 2042 re
995 1997 1091 2043 com·
1143 1982 1296 2061 poterat,
1314 1970 1418 2040 etiam
1432 1995 1515 2040 voce
1531 1971 1730 2042 firmitatem
1744 1997 1830 2063 prae
1843 1997 1880 2043 se
1898 1977 2033 2064 ferens,
2048 2005 2129 2050 cum

97 2081 219 2138 motus
236 2065 427 2158 nonnihil,
455 2094 531 2166 ego,
554 2073 685 2167 inquit,
706 2071 910 2168 extinguar
922 2073 1016 2144 sicat
1032 2071 1093 2152 lu-
1143 2095 1200 2141 res
1215 2071 1429 2141 dissimulari
1446 2072 1594 2142 minime
1612 2088 1747 2164 posset,
1773 2077 1845 2144 duo
1863 2089 2002 2147 tautum
2024 2106 2131 2171 argu·

97 2167 263 2240 uenata.
316 2170 407 2242 Nam
424 2176 542 2246 statim
566 2176 660 2247 inter
674 2177 777 2248 initia
801 2177 926 2262 morbi,
941 2191 1090 2246 mortem
1143 2187 1262 2243 rnenta
1278 2173 1481 2264 proposuit,
1507 2197 1659 2268 quorum
1674 2175 1783 2246 altera
1800 2191 1874 2248 erat
1898 2176 2044 2271 Georgii
2059 2182 2130 2254 Na-

97 2273 252 2343 ominari
278 2273 487 2368 incipiebat,
518 2291 553 2348 et
573 2279 803 2371 sequentibus
827 2279 951 2350 diebus
972 2279 1091 2349 omui·
1143 2277 1317 2346 eianzeni:
1345 2276 1394 2356 eir
1408 2270 1451 2346 τὸ
1468 2271 1579 2374 ἁγίαν
1603 2271 1748 2369 πάσχα,
1771 2277 1966 2361 eiusmodi,
1993 2276 2130 2380 λύτρον

96 2376 161 2446 bns
182 2375 225 2445 in
241 2389 393 2447 oreerat
406 2379 541 2450 mentio
565 2375 689 2463 huius,
713 2393 748 2452 et
764 2404 945 2452 sermones
961 2382 1005 2450 de
1025 2375 1091 2450 hac
1143 2391 1194 2448 est
1214 2381 1284 2450 τοῦ
1304 2373 1541 2469 κατέχοντος,
1574 2376 1747 2450 Diabolus
1775 2378 1918 2474 κατέχει
1948 2384 2044 2455 iuxta
2071 2389 2130 2454 di-

98 2479 231 2550 mnltos
253 2491 290 2548 et
312 2479 488 2570 sapientes
510 2495 615 2576 atque
637 2485 715 2574 pios
738 2477 911 2568 habebat,
937 2507 1089 2576 quorum
1142 2496 1237 2548 curm
1265 2475 1389 2548 Esaiae
1411 2472 1649 2573 κατεχόμτθα
1677 2477 1754 2574 μὴν
1775 2477 1851 2579 γὰρ
1872 2479 1947 2556 ὑπὸ
1969 2493 2038 2559 τοῦ
2060 2514 2129 2560 πο-

99 2581 268 2672 deiuceps
293 2601 357 2650 sno
381 2583 459 2656 loco
479 2584 671 2655 referemus
696 2586 843 2679 aliquos.
904 2583 1092 2678 lta—igitur
1140 2583 1277 2676 νηροῦ,
1305 2573 1531 2674 αεπράμενοι
1546 2577 1620 2653 ὑπὸ
1639 2577 1709 2676 τὴν
1728 2577 1919 2678 ἁμαρτίαν
1942 2601 2006 2662 etc.
2034 2595 2129 2684 quod
2217 2597 2222 2608 '

102 2699 292 2776 antequam
316 2696 435 2752 octava
466 2687 650 2756 audiretur
677 2685 928 2758 comitantibus
951 2709 1030 2754 eum
1057 2701 1092 2755 et
1142 2695 1388 2773 argumentum
1406 2696 1481 2751 tum
1499 2684 1656 2754 solvebat
1675 2699 1780 2778 atquc
1795 2687 2009 2778 explicabat,
2037 2719 2128 2787 quo-

102 2785 358 2856 deducentibus
373 2787 514 2857 duobus
529 2789 568 2858 in
588 2785 744 2860 scholam
763 2787 941 2882 publicam
958 2787 1091 2858 doctri·
1142 2788 1248 2854 inodo
1271 2785 1415 2854 diabolo
1441 2809 1514 2854 non
1536 2787 1751 2858 deberentur
1775 2779 1910 2882 λύτρα,
1944 2791 2128 2885 aliquanto

106 2911 161 2958 nae
181 2910 273 2958 suae
298 2887 499 2970 descendit,
526 2892 564 2959 in
588 2917 659 2983 quo
682 2893 844 2962 consulto
868 2915 947 2962 eum
972 2913 1090 2960 errare
1142 2911 1247 2980 quam
1271 2887 1310 2956 fit
1331 2911 1350 2957 a
1374 2883 1549 2977 Gregorio
1566 2889 1749 2973 disertius,
1771 2903 1806 2958 et
1829 2892 1980 2980 planius.
2032 2892 2129 2966 llaec

112 2991 343 3078 patiebamur,
368 3005 407 3062 ut
431 2991 532 3086 lectio
559 2994 867 3078 interverteretur,
893 2993 955 3066 etsi
974 2993 1090 3084 snspi-
1141 2988 1245 3060 lectio
1262 3013 1336 3058 nou
1355 2991 1504 3060 multum
1520 2991 1612 3060 ultra
1631 2995 1863 3082 quadrantem
1882 2988 1969 3062 hora
1992 2999 2127 3086 produ-

106 3093 269 3162 cabamur
303 3115 383 3162 eum
418 3094 570 3164 alienam
605 3090 729 3164 horam
763 3096 971 3186 professoris
1005 3095 1091 3180 eius,
1141 3104 1196 3161 cta
1221 3093 1305 3177 suit,
1332 3105 1367 3162 et
1389 3086 1484 3162 haud
1510 3093 1637 3164 scimus
1662 3119 1706 3162 an
1726 3093 1921 3164 breviorem
1939 3097 2127 3169 lectionem

103 3195 196 3264 euius
220 3206 275 3264 est
295 3189 535 3282 bora·octava,
568 3221 671 3290 quern
697 3208 773 3267 tum
797 3220 942 3289 peregre
970 3197 1089 3264 abesse
1141 3194 1185 3262 ab
1201 3192 1278 3284 ipso
1292 3189 1449 3262 habitam
1464 3190 1611 3264 antehac
1629 3219 1731 3264 nemo
1750 3197 1962 3272 meminerit.
1990 3199 2127 3291 Sicigi-

102 3298 252 3380 sciebat,
271 3296 372 3366 obire
388 3299 488 3370 velle.
540 3298 598 3370 Ad
614 3299 785 3370 auditorii
799 3300 892 3370 fores
906 3322 987 3368 cum
1004 3321 1086 3390 per·
1140 3311 1200 3366 tur
1212 3309 1291 3386 post
1305 3295 1441 3365 linitam
1460 3296 1645 3366 lectionem
1660 3297 1789 3366 iterum
1804 3299 1950 3368 domum
1967 3325 2128 3374 reversus

100 3401 273 3481 venisset,
303 3397 353 3468 ita
381 3400 524 3486 cecidit,
556 3415 595 3471 ut
619 3402 786 3494 perpauci
811 3396 1012 3472 scholastici
1037 3399 1088 3470 ibi
1140 3398 1259 3468 statim
1278 3397 1318 3466 in
1334 3395 1492 3467 Lahrum
1509 3421 1620 3491 aquae
1637 3398 1770 3468 calidae
1784 3402 1981 3486 descendit,
2009 3419 2043 3474 et
2071 3407 2087 3474 l
2107 3444 2125 3456 -

99 3505 282 3586 adessent,
320 3525 471 3595 cirroque
496 3503 753 3592 significaretur
774 3503 807 3573 ei
830 3505 990 3574 nondum
1017 3523 1090 3572 esse
1141 3513 1258 3570 rnenta
1294 3514 1399 3593 atque
1430 3501 1618 3571 tinctiones
1644 3496 1825 3570 adhibitae
1852 3503 1949 3574 luere
1975 3506 2057 3575 illae
2083 3509 2127 3576 de

98 3603 257 3673 ariditam
282 3616 462 3690 octavam,
500 3606 586 3698 quid
621 3607 730 3695 igitur
756 3601 815 3676 hie
837 3604 998 3695 agimus?
1030 3604 1089 3676 in·
1140 3602 1271 3694 quibus
1302 3624 1407 3693 supra
1441 3602 1613 3686 diximus,
1662 3627 1812 3698 cumque
1847 3627 1910 3694 per
1939 3607 2125 3682 dimidiam

98 3708 194 3798 quit,
221 3719 328 3798 atque
343 3708 489 3776 domum
506 3721 703 3792 revertens,
729 3709 774 3778 ab
789 3708 914 3778 iisdem
931 3709 993 3802 qui
1007 3731 1088 3778 eum
1141 3700 1265 3774 horam
1301 3703 1338 3772 in
1372 3705 1473 3773 labro
1503 3705 1692 3774 desedisset
1728 3710 1772 3775 ad
1804 3708 1994 3798 prandium
2040 3693 2125 3782 inde

97 3809 326 3877 deduxerunt
342 3811 505 3878 reductus
523 3823 584 3880 est.
639 3807 737 3880 lnter
761 3813 912 3880 eundem
937 3810 1090 3894 dicebat,
1141 3828 1297 3896 egressus
1313 3821 1364 3878 est
1385 3806 1553 3878 omnibus
1574 3808 1681 3877 rebus
1698 3808 1745 3878 ita
1765 3831 1801 3876 se
1815 3809 1982 3880 (lantibus
2005 3827 2042 3882 ut
2058 3813 2126 3881 mi-

98 3909 126 3978 si
142 3907 381 3999 Kembergam
406 3933 517 4005 usque
533 3915 758 4003 procederem
780 3913 939 3994 fortassis
961 3911 1089 3980 melius
1140 3931 1208 3978 nus
1224 3909 1256 3978 ei
1273 3921 1488 3978 metueretur
1503 3921 1537 3979 et
1552 3923 1591 3980 ut
1612 3923 1692 3978 ante
1718 3934 1818 4002 saepe
1844 3911 1892 3980 ita
1919 3929 1993 3982 tum
2019 3913 2125 3984 etiam

99 4035 241 4082 mecum
259 4011 373 4096 lieret,
399 4015 495 4105 quod
519 4015 729 4106 oppidulum
751 4003 858 4086 dist'at
875 4013 1088 4102 Witebcrga
1141 4037 1158 4078 a
1179 4011 1313 4082 calculo
1330 4023 1468 4082 tantum
1487 4012 1604 4080 omnis
1628 4013 1791 4082 debilitas
1814 4013 1966 4082 extitisse
1989 4015 2126 4084 iudica-

100 4115 286 4208 aliquanto
323 4114 483 4202 longiore
514 4118 631 4206 spacio
664 4141 770 4211 quam
803 4130 855 4188 cst
877 4125 1088 4207 parasangae
1140 4126 1248 4186 retur.
1268 4111 1343 4182 “ln
1360 4113 1509 4204 prandio
1525 4137 1713 4206 perparum
1729 4117 1993 4199 et'comedebat,
2020 4117 2126 4186 etbi-

99 4217 229 4300 unius,
259 4239 349 4310 quae
373 4211 479 4288 habet
509 4219 647 4288 miliare
669 4219 908 4308 germanicum
936 4219 1089 4302 brevius,
1140 4217 1265 4297 bebai,
1293 4211 1565 4290 hilarinsculom
1587 4241 1624 4286 se
1647 4231 1783 4299 tamen,
1814 4227 1850 4285 et
1869 4238 1949 4284 eum
1976 4217 2125 4288 omnino

99 4315 176 4388 Etsi
193 4331 310 4388 autem
328 4331 465 4388 tantum
483 4319 621 4390 itineris
639 4321 700 4392 illa
716 4321 919 4391 valetudine
939 4343 1001 4389 sua
1021 4343 1090 4388 ne·
1141 4318 1350 4408 praebebat,
1374 4332 1415 4388 nt
1429 4318 1623 4408 periculum
1648 4315 1898 4406 inpraesentia
1922 4333 2126 4409 superatum
2165 4335 2166 4342 ’

100 4443 280 4514 quaquam
305 4421 476 4490 conficere
499 4424 685 4512 potuisset,
738 4421 821 4493 Post
848 4417 940 4492 hanc
972 4435 1088 4492 tamen
1140 4441 1214 4490 cssc
1228 4420 1386 4512 plerique
1408 4419 1636 4492 confiderent.
1687 4416 1812 4490 Postea
1830 4418 1942 4511 quieti
1965 4443 2002 4489 se
2014 4423 2125 4506 dedit,

102 4547 176 4592 non
195 4525 337 4612 longam
355 4523 501 4592 itionem
520 4526 563 4594 de
580 4549 647 4617 qua
664 4524 818 4596 diximus
837 4524 982 4594 allevari
998 4547 1089 4593 non·
1141 4534 1176 4591 et
1190 4522 1360 4590 dormivit
1380 4545 1442 4613 per
1458 4515 1562 4590 horas
1577 4521 1686 4590 icrme
1703 4533 1784 4598 tres,
1804 4521 1865 4613 qui
1881 4543 2028 4590 somnus
2042 4547 2124 4592 cum

104 4621 197 4693 nihil
222 4625 318 4692 visus
343 4625 430 4709 init,
461 4640 501 4698 ut
526 4630 671 4696 domum
703 4649 864 4696 reversus
885 4626 1090 4696 meliuscule
1142 4625 1190 4692 ita
1222 4623 1462 4706 confirmavit,
1504 4635 1544 4692 ut
1580 4645 1658 4714 spes
1683 4621 1789 4692 simul
1823 4623 1985 4690 omnium
2017 4624 2126 4714 magis

7 4815 8 4818 Ἴ
108 4721 272 4810 haberet,
300 4729 545 4816 perseverabat
560 4745 675 4804 aretem
693 4729 730 4798 in
745 4729 918 4799 sententia
942 4751 978 4798 se
1002 4723 1088 4797 hora
1142 4724 1420 4798 confirmaretur.
1480 4725 1574 4792 Ante
1601 4747 1747 4794 coenam
1779 4724 1986 4814 scriptiones
2015 4739 2126 4796 certas

106 4853 199 4898 nona
218 4829 497 4909 lecturnmesse,
525 4833 618 4920 quod
645 4834 825 4902 etsierant
843 4833 905 4926 qui
929 4843 1089 4900 averten-
1143 4827 1365 4911 absolvebat,
1400 4837 1434 4896 et
1470 4848 1550 4894 cum
1578 4825 1615 4894 in
1637 4849 1746 4895 coena
1773 4841 1912 4918 postea,
1945 4839 2020 4896 tum
2050 4843 2126 4919 post

107 4935 190 5000 dum
220 4931 420 5002 iudicarent
452 4933 707 5020 significatione
741 4935 917 5004 contraria
937 4932 1092 5024 publice
1144 4925 1235 4998 hanc
1255 4925 1349 4998 nihil
1371 4927 1738 5008 animadvertebatur,
1773 4929 1870 5020 quod
1889 4951 1986 5018 spem
2008 4953 2027 4998 a
2052 4929 2127 5021 ple·

107 5033 306 5124 proposita,
341 5048 381 5103 nt
403 5047 582 5105 revertens
607 5034 786 5104 auditores
810 5036 929 5104 nullos
952 5035 1093 5104 iuveni·
1143 5032 1262 5124 risque
1277 5043 1482 5121 conceptam
1500 5029 1717 5114 debilitaret,
1742 5030 1835 5098 vires
1850 5042 1968 5099 tamen
1993 5054 2126 5102 senon

66 5161 75 5187 ·
108 5151 177 5220 ret,
202 5147 456 5204 contratamen
476 5131 787 5208 hocmetuebatur
808 5161 853 5206 ne
873 5139 1092 5206 eaadversa-
1143 5133 1441 5214 corroborabant,
1475 5133 1535 5199 sed
1570 5131 1721 5222 languor
1752 5129 1975 5202 imbecillitas
2010 5133 2128 5224 potius

7 5277 8 5280 π
110 5239 204 5308 tione
227 5249 262 5307 et
283 5237 514 5310 frustratione
537 5239 600 5310 tali
616 5241 663 5309 ita
677 5239 937 5324 offenderetur,
962 5251 1002 5307 ut
1023 5239 1095 5308 ira·
1146 5231 1271 5305 harum
1298 5235 1463 5303 manebat
1488 5255 1564 5302 non
1588 5235 1700 5302 multo
1737 5235 1855 5300 minor
1887 5257 1994 5325 qnam
2024 5257 2128 5302 mane

7 5369 8 5372 ¹
110 5340 259 5409 candiae
277 5341 467 5410 commotio
482 5341 512 5410 ei
533 5339 611 5430 pleis
627 5354 787 5426 noceret,
813 5365 919 5433 qnam
942 5339 1095 5410 ullade-
1145 5341 1267 5409 luerat.
1319 5335 1395 5406 Nox
1420 5359 1570 5428 sequens
1594 5336 1736 5422 gravior
1760 5349 1853 5420 erat,
1880 5359 1949 5425 qua
1973 5335 2126 5425 primum

110 5443 284 5533 fatigatio,
310 5441 345 5510 id
371 5445 466 5536 quod
492 5444 621 5513 factrrm
644 5443 768 5514 inisset
834 5443 956 5536 ltaque
982 5465 1095 5536 neque
1116 5463 1122 5534 ι
1146 5436 1404 5532 deprehensum
1423 5439 1621 5612 [οἱιίἐριίἀ
1638 5437 1757 5506 morbi
1770 5449 1875 5522 esset,
1900 5459 1971 5530 quo
1988 5437 2131 5508 labora·
