4686 6172
93 275 166 354 eat

69 449 327 543 tdisdplinsm,
344 463 378 524 et
394 449 457 548 qui
472 451 693 546 obtemperat
708 451 930 540 correctioni,
946 446 1083 524 honore

90 554 272 630 afficietur.

454 654 549 748 Lege
564 653 716 734 Statuta.

331 835 413 904 Post
432 833 600 905 lectionem
621 837 837 910 statueram.

186 957 269 1032 Non
284 959 409 1030 addam
426 959 626 1050 longiorem
642 961 947 1034 declamationem.
987 957 1080 1034 Nut-

85 1063 157 1136 lius
191 1061 287 1132 enim
321 1061 435 1131 oratio
464 1061 543 1152 plus
569 1061 769 1135 autoritatis
800 1059 932 1136 habere
957 1065 1080 1150 debet,

86 1189 194 1260 quam
217 1165 292 1256 ipsa
314 1187 381 1233 vox
402 1163 507 1253 legis,
532 1189 639 1258 quam
662 1165 776 1250 scitis,
806 1181 846 1237 ut
868 1180 970 1238 antea
994 1165 1079 1252 diri,

85 1265 298 1360 ipsissimam
315 1263 381 1335 Dei
397 1291 517 1336 vocem
534 1289 625 1352 esse,
649 1280 832 1338 sonamtem
853 1269 892 1338 in
908 1267 1078 1363 imperiis,

86 1384 121 1440 et
134 1371 390 1460 gubernantem
406 1361 595 1438 bominum
612 1383 744 1456 coetus,
770 1370 860 1442 sicut
874 1371 924 1444 ait
938 1371 1079 1464 sapien-

84 1472 135 1542 tia
160 1470 243 1542 Dei:
270 1469 340 1540 Per
359 1493 416 1538 me
436 1491 535 1558 reges
555 1485 721 1560 regnant,
753 1485 788 1544 et
811 1472 946 1544 iudices
969 1473 1079 1544 iustas

85 1571 182 1664 leges
203 1573 334 1644 ferunt.
394 1567 444 1642 Et
466 1595 572 1666 quam
593 1572 828 1644 necessarium
854 1573 1009 1646 officium
1033 1574 1079 1646 sit

83 1674 202 1744 vereri
227 1675 340 1764 leges,
365 1685 400 1744 et
420 1673 470 1742 eis
488 1674 751 1766 obtemperare,
777 1675 847 1746 iarn
863 1677 998 1748 dictum
1017 1691 1077 1748 est.

81 1773 181 1848 lllud
195 1791 313 1846 autem
331 1789 371 1845 ut
391 1773 575 1856 adiiciam,
600 1799 746 1866 magnae
764 1791 799 1850 et
812 1799 935 1868 graves
955 1801 1078 1849 causae

78 1891 178 1950 sunt.
233 1875 385 1948 Crebrae
398 1876 568 1946 dicuntur
588 1899 661 1946 esse
684 1895 880 1951 nocturnae
893 1881 931 1950 in
954 1879 1078 1972 plateis

77 1979 361 2050 discursationes
384 1989 419 2046 et
434 1978 713 2052 vociferationes.
764 1979 947 2052 Interdum
969 1979 1077 2054 etiarn

71 2081 197 2176 aliqui
221 2105 262 2150 ex
283 2078 412 2148 nostris
436 2093 564 2170 gerunt
584 2103 692 2155 arma.
744 2079 944 2156 Audivistis
959 2099 1076 2156 atatem

73 2185 243 2254 edictmm
267 2179 531 2270 gravissimum,
565 2195 601 2252 et
624 2184 760 2276 optimo
778 2185 928 2256 consilio
945 2210 1078 2280 propo-

78 2287 188 2356 situm
209 2307 231 2353 a
247 2281 489 2378 laudatissimo
501 2281 666 2374 Principe
679 2283 777 2356 Duce
792 2285 985 2372 Friderico,
1003 2312 1075 2382 quo
1095 2369 1099 2378 ¹

77 2401 115 2458 et
140 2397 336 2456 nocturnae
359 2383 441 2453 illae
465 2384 740 2456 discursationes
769 2403 804 2460 et
826 2413 923 2460 arma
951 2385 1076 2482 prohi-

77 2489 227 2558 bentur.
280 2484 400 2574 Quare
414 2485 601 2558 autoritate
618 2485 848 2578 Magistratus
862 2515 967 2584 quem
982 2513 1076 2578 gero,

76 2587 233 2672 mando,
266 2601 306 2658 ut
337 2581 420 2656 huic
451 2589 566 2658 edicto
597 2589 866 2679 obtemperetis,
900 2591 995 2682 quod
1029 2591 1074 2660 ad

76 2713 309 2762 communem
332 2689 433 2758 urbis
458 2688 753 2782 tranquillitatem
777 2706 811 2762 et
834 2692 1076 2760 defensionem

77 2805 235 2862 vestram
251 2789 401 2859 maxime
417 2791 651 2862 necessarium
668 2805 730 2864 est.
781 2789 965 2884 Quantum
979 2793 1074 2862 enirn

77 2892 231 2990 periculi
254 2905 361 2978 esset,
399 2892 428 2960 si
453 2893 582 2964 irritati
607 2891 818 2988 aliqnando,
857 2897 954 2990 quod
977 2891 1075 2966 Deus

76 2991 289 3092 prohibeat,
315 3017 507 3084 paucorum
525 2995 649 3088 culpa,
674 2996 767 3068 cives
783 3021 880 3068 arma
895 3011 1074 3090 caperent.

74 3097 242 3171 Primum
258 3095 367 3186 igitur
390 3095 429 3166 in
454 3091 518 3166 hac
534 3122 589 3182 re,
615 3111 650 3170 et
667 3100 885 3181 communis,
914 3113 949 3170 et
967 3099 1072 3170 vestri

73 3197 230 3298 periculi
247 3198 420 3268 rationem
442 3193 579 3272 habete.
633 3197 893 3274 Deinde'etiam
915 3201 1074 3294 cogitate,

73 3301 236 3396 aegrotis
271 3293 336 3370 bas
375 3299 645 3372 vociferationes
676 3303 869 3376 admodum
908 3304 1074 3376 molestas

74 3430 163 3480 esse.
227 3399 410 3474 luterdum
433 3401 538 3472 etiam
560 3405 792 3496 perterrelieri
812 3405 976 3497 gravidas
993 3431 1074 3478 mu-

72 3509 181 3581 lieres
196 3499 257 3576 bis
281 3503 488 3578 ululatibus.
536 3501 697 3596 Cogitate
719 3507 824 3580 etiam
843 3521 1015 3602 quantum
1033 3503 1072 3578 bi

72 3632 211 3694 mores,
239 3617 275 3678 et
298 3600 384 3676 baec
407 3605 565 3700 exempla
588 3629 711 3700 graves
733 3621 768 3680 et
788 3603 956 3680 honestos
977 3609 1073 3680 viros

72 3713 283 3794 offendant,
310 3733 462 3804 quorum
486 3708 618 3780 iudicia
635 3725 862 3783 contemnere
883 3711 1070 3805 plusquam

71 3813 263 3888 harbaries
282 3825 344 3882 est.
388 3807 571 3881 Postremo
587 3825 801 3884 mementote
818 3838 882 3884 vos
898 3813 937 3884 in
952 3809 1071 3884 schola

70 3919 214 4002 vivere,
242 3925 278 3984 et
298 3911 447 4004 cogitate
468 3929 641 4008 quantum
665 3939 786 3986 revera
802 3915 984 4006 dignitatis
1005 3909 1069 3984 ba-

69 4021 154 4094 beat
169 4019 249 4088 vita
263 4009 481 4096 scholastica,
507 4029 540 4086 et
557 4029 688 4110 quanta
707 4015 860 4086 vicissim
878 4019 1071 4090 moderatio

69 4123 108 4194 in
123 4121 229 4194 omni
250 4111 366 4186 officio
382 4116 593 4210 requiratur.
645 4117 687 4188 ln
708 4119 817 4188 nullis
836 4119 958 4190 rastris
975 4135 1071 4190 tanta

67 4225 216 4296 licentia
252 4219 426 4289 militibus
453 4219 677 4306 conceditur,
710 4235 883 4310 quantum
911 4224 1071 4292 nuncin

66 4327 249 4400 omnibus
277 4321 384 4390 rebus
411 4319 479 4391 sibi
509 4335 654 4392 sumunt
683 4315 897 4407 scholastici.
953 4329 1071 4416 Atque

66 4431 105 4501 io
139 4421 282 4500 scholis
310 4423 429 4492 decuit
459 4445 533 4494 esse
560 4424 814 4496 sanctissimam
836 4425 1072 4517 disciplinam.

65 4533 214 4624 Quaeso
232 4523 333 4594 enim
348 4523 569 4595 considerate
583 4527 674 4596 vitae
689 4549 811 4616 genus.
854 4526 1070 4620 Quanquam

63 4635 165 4706 enirn
183 4626 255 4700 alii
271 4626 414 4696 ordines
433 4621 619 4698 bominum
641 4629 678 4698 in
700 4627 850 4720 speciem
869 4627 991 4700 titulos
1007 4623 1070 4698 ba·

65 4741 181 4808 beant
209 4727 491 4822 splendidiores,
525 4741 641 4802 tamen
671 4754 795 4800 revera
824 4729 1071 4820 magnitudine

67 4831 309 4936 professionis
324 4829 501 4902 antecellit
515 4831 585 4901 vita
606 4827 812 4902 scholastica
827 4831 994 4902 omnibus
1010 4855 1070 4902 or-

67 4942 237 5016 dinibus.
287 4931 369 5004 Non
386 4933 465 5026 plus
478 4933 660 5024 dignitatis
672 4947 740 5018 est,
765 4930 796 5002 si
813 4956 867 5002 res
881 4931 1070 5004 aestimen-

66 5061 142 5130 tur,
169 5061 250 5110 non
265 5033 373 5120 tituli,
398 5035 436 5104 in
453 5056 585 5126 regum,
609 5035 824 5127 priucipum,
850 5035 1070 5128 pontificum,

65 5143 336 5240 Episcoporum
362 5137 623 5220 functionibus,
656 5161 762 5230 quam
788 5137 826 5206 in
852 5131 1068 5210 scholastica.

64 5252 144 5322 Nos
166 5243 268 5316 enim
287 5239 443 5310 veritatis
464 5255 498 5310 et
518 5237 676 5308 iusticiae
700 5237 967 5332 inquisitionem
985 5262 1070 5330 pro-

63 5351 238 5426 fitemur,
260 5341 391 5436 quibus
406 5339 511 5410 bouis
527 5335 619 5410 nibil
637 5339 795 5410 divinius
813 5336 921 5412 babet
939 5335 1069 5410 buma-

61 5479 156 5526 num
176 5465 306 5541 genus.
356 5439 406 5515 Et
420 5435 546 5514 barum
563 5465 683 5513 rerum
698 5465 766 5534 ope
781 5443 914 5534 regitur
929 5455 964 5514 et
979 5465 1068 5514 cou-

578 213 889 372 aatoonta
913 269 989 352 nr
1020 267 1255 356 anavus
1287 269 1644 353 corrosores.

2049 275 2125 354 922

1134 449 1269 522 tinetur
1282 450 1373 538 rita,
1396 451 1516 521 verius
1533 473 1639 545 quam
1653 449 1761 524 armis
1775 461 1835 522 aot
1849 447 1934 520 ullis
1946 448 2029 522 aliia
2042 474 2123 522 mu·

1133 553 1313 626 nimentis.
1363 549 1414 626 Et
1428 547 1558 624 harum
1580 567 1756 624 tantarum
1779 577 1899 624 rerum
1916 553 2074 624 studium
2089 565 2124 626 et

1133 654 1401 746 explicationem
1421 655 1555 746 flagitat
1578 679 1597 725 a
1619 655 1725 724 nobis
1746 653 1903 746 Respub.
1927 667 1962 726 et
1979 655 2122 750 quidem

1133 755 1171 824 in
1187 751 1252 826 bac
1266 751 1396 828 Schola
1413 759 1600 848 praecipue
1615 757 1717 828 floret
1732 757 1895 828 doctrina
1911 753 2123 848 Religionis,

1132 871 1166 928 et
1184 857 1336 928 aliarum
1359 859 1510 944 artium,
1535 883 1626 952 quae
1641 883 1703 928 vos
1724 859 1769 928 ad
1788 858 1954 930 virtutem
1973 853 2123 930 hortan-

1131 973 1201 1032 tur.
1253 956 1345 1030 Cnm
1369 960 1477 1052 igitur
1499 963 1537 1030 iu
1556 974 1628 1031 tam
1651 960 1796 1030 sublimi
1825 963 1937 1050 masdra
1960 959 2123 1032 collocati

1131 1061 1260 1148 simus,
1285 1061 1323 1130 in
1339 1087 1411 1156 quo
1425 1065 1540 1134 studia
1559 1061 1733 1144 veritatis,
1760 1061 1934 1142 iustitiae,
1961 1077 1994 1133 et
2010 1075 2122 1134 caete·

1131 1187 1252 1234 rarum
1276 1165 1450 1234 virtutum
1471 1166 1589 1254 vigere
1617 1166 1767 1248 debent,
1800 1163 1949 1256 cogitate
1977 1187 2121 1258 quaeso,

1130 1289 1237 1360 quam
1271 1264 1461 1356 indignum
1495 1269 1541 1336 sit
1575 1262 1643 1336 boc
1677 1267 1804 1336 ordine
1837 1259 1948 1336 velut'
1969 1267 2122 1338 furiosos

1130 1367 1252 1437 omnia
1284 1367 1493 1461 disciplinae
1526 1369 1691 1461 repagula
1726 1391 1973 1460 perrumpere,
2004 1369 2122 1441 nullas

1130 1469 1308 1540 moderari
1322 1470 1542 1562 cupiditates,
1565 1485 1699 1541 certare
1714 1468 1931 1542 Antoniartis
1946 1463 2122 1542 helonio-

1131 1573 1258 1663 uihus,
1284 1571 1434 1662 grassari
1456 1573 1637 1644 latronum
1662 1597 1759 1642 more
1785 1573 1823 1641 in
1848 1571 1935 1642 locis
1957 1572 2121 1664 publicis.

1130 1671 1226 1744 Haec
1246 1673 1277 1743 si
1298 1675 1454 1746 facerent
1474 1675 1587 1769 aliqui
1602 1675 1767 1744 destinati
1784 1673 1876 1743 vitae
1896 1673 2121 1760 monasticae,

1130 1789 1192 1846 aut
1224 1777 1440 1861 sacerdotes,
1477 1801 1598 1848 nonne
1629 1801 1753 1846 onmes
1786 1776 2027 1862 clamitarent,
2062 1776 2121 1844 in·

1129 1877 1335 1967 dignissima
1350 1901 1424 1948 esse
1439 1879 1512 1948 illis
1528 1878 1830 1970 professionibus?
1860 1875 1966 1948 Nunc
1982 1903 2002 1948 a
2018 1877 2120 1948 vobis

1129 1974 1215 2049 haec
1232 1980 1339 2066 fiunt,
1364 1979 1426 2074 qui
1445 1981 1557 2050 multo
1576 1981 1770 2070 augustiori
1789 1979 1907 2069 generi
1924 1980 2015 2050 vitae
2032 2005 2121 2050 coo-

1128 2083 1254 2152 secrati
1267 2083 1368 2162 estis,
1394 2083 1558 2152 videlicet
1573 2083 1783 2175 professioni
1801 2083 1956 2152 veritatis
1967 2097 2002 2154 et
2016 2081 2120 2152 iusti-

1128 2185 1212 2254 ciae.
1265 2181 1322 2254 An
1345 2207 1420 2254 non
1445 2185 1619 2276 respicitis
1637 2185 1723 2252 vos?
1748 2207 1823 2254 non
1841 2183 1938 2254 venit
1961 2185 1999 2254 in
2018 2207 2120 2254 men-

1130 2299 1202 2356 tem
1225 2285 1438 2379 aliquando‚
1465 2311 1536 2379 quo
1558 2287 1597 2356 in
1617 2289 1728 2377 gradu
1751 2309 1816 2355 vos
1829 2283 1987 2378 Respub.
2005 2287 2118 2356 collo·

1128 2388 1283 2458 caverit?
1307 2411 1398 2482 quae
1412 2387 1527 2458 officia
1538 2385 1635 2459 Deus
1650 2389 1689 2456 in
1704 2384 1769 2458 bac
1784 2387 1967 2458 vocatione
1982 2411 2002 2458 a
2017 2387 2119 2458 vobis

1129 2489 1310 2580 requirat?
1346 2504 1519 2580 quantum
1545 2491 1658 2559 scelus
1682 2491 1728 2560 sit
1753 2513 1815 2560 vos
1840 2489 1917 2558 istis
1945 2489 2119 2560 scandalis

1128 2589 1300 2658 infamare
1323 2583 1470 2660 honesta
1488 2589 1629 2660 studia?
1654 2588 1764 2676 Nam,
1789 2605 1829 2660 ut
1845 2589 1980 2672 sciatis,
2007 2586 2117 2662 bone-

1127 2689 1271 2758 stissimi
1296 2685 1459 2760 homiues
1487 2692 1624 2785 aliquot
1655 2691 1839 2762 civitatum
1870 2693 1973 2761 nobis
2002 2692 2117 2786 ‹presti

1127 2805 1229 2872 sunt,
1262 2792 1395 2861 remitti
1420 2794 1567 2864 domum
1596 2788 1824 2864 scholasticos
1846 2793 1977 2864 talibus
1997 2817 2118 2866 assue-

1127 2895 1236 2964 factos
1251 2895 1429 2978 moribus,
1455 2907 1490 2964 ut
1511 2890 1617 2964 nemo
1639 2917 1698 2964 eos
1715 2896 1807 2965 ferre
1824 2896 1951 2988 possit,
1977 2909 2012 2968 et
2035 2896 2116 2968 lite-

1127 3019 1186 3066 rae
1210 2995 1306 3088 ipsae
1329 2997 1367 3065 in
1391 2996 1514 3066 odium
1539 2997 1698 3071 veniunt.
1750 2995 1824 3070 Nec
1846 2998 2118 3070 verodubitan·

1126 3101 1302 3182 domest,
1334 3098 1422 3192 quin
1450 3099 1538 3170 tales
1562 3112 1708 3192 propter
1738 3093 1824 3170 haec
1851 3101 2015 3170 scandala
2039 3097 2116 3193 Deo

1128 3225 1258 3292 poenas
1280 3201 1399 3270 daturi
1421 3201 1505 3276 siut.
1551 3199 1667 3273 Multa
1690 3203 1856 3272 nunciata
1879 3216 1962 3272 sont
1978 3198 2035 3272 his
2050 3227 2117 3272 an·

1126 3304 1183 3372 nis
1214 3303 1388 3394 prodigia.
1457 3303 1646 3394 Conspecti
1683 3305 1776 3373 intra
1814 3303 2010 3374 triennium
2045 3317 2117 3375 tres

1124 3403 1306 3490 Cometae,
1344 3427 1534 3476 concussae
1560 3403 1671 3498 Alpes
1702 3419 1936 3486 terraemotu,
1971 3431 2116 3500 quassa-

1125 3522 1179 3579 tae
1211 3521 1296 3580 aaut
1327 3521 1542 3578 terraemotu
1583 3523 1618 3578 et
1653 3507 1752 3600 ripae
1783 3501 1917 3579 Rheni.
1975 3504 2116 3580 Omitto

1123 3609 1192 3681 alia
1217 3610 1337 3680 multa.
1396 3609 1493 3681 llaec
1517 3610 1677 3702 prodigia
1701 3607 1946 3682 existimantur
1971 3633 2117 3702 magnas

1124 3711 1337 3784 calamitates
1375 3727 1411 3784 et
1448 3712 1662 3782 mutationes
1699 3710 1930 3804 Reipublicae
1970 3728 2116 3804 porten-

1124 3817 1217 3882 dere.
1267 3813 1336 3885 Sed
1372 3815 1607 3886 certissimum
1642 3813 1858 3906 praesagium
1892 3827 1944 3886 est
1974 3815 2114 3908 impen-

1124 3917 1285 3985 dentium
1320 3917 1558 3986 calamitatum
1594 3911 1680 3986 baec
1713 3909 1897 3986 horribilis
1930 3915 2115 4009 dissipatio

1124 4017 1343 4108 disciplinae.
1395 4015 1571 4090 Omnium
1591 4017 1685 4086 enim
1703 4031 1856 4088 aetatum
1876 4012 2046 4090 historiae
2061 4031 2114 4090 te-

1123 4133 1282 4204 stantur,
1310 4121 1425 4190 soluta
1452 4121 1659 4211 disciplina,
1691 4133 1727 4190 et
1759 4121 1873 4210 palam
1908 4120 2113 4190 confirmata

1124 4221 1284 4308 licentia,
1309 4223 1426 4294 statim
1455 4235 1574 4292 secuta
1598 4243 1671 4290 esse
1694 4222 1828 4290 excidia
1853 4221 2054 4306 civitatum,
2079 4235 2114 4292 et

1123 4323 1353 4414 imperiorum
1370 4325 1545 4396 interitus.
1583 4322 1892 4412 Quemadmodum
1909 4323 2005 4394 enim
2023 4337 2113 4394 tem-

1123 4439 1272 4516 pestates
1292 4441 1386 4496 certo
1400 4441 1566 4496 venturas
1579 4425 1796 4496 denunciant
1821 4425 1950 4495 nubes:
1985 4425 2033 4496 ita
2056 4427 2113 4496 di-

1122 4525 1294 4619 sciplinae
1303 4528 1520 4616 perturbatio
1535 4541 1566 4596 et
1579 4539 1798 4618 contemptus
1807 4541 1901 4598 certo
1914 4525 2113 4617 significant

1124 4629 1327 4721 impendere
1342 4628 1600 4721 rebuspublicis
1613 4629 1771 4717 ingentes
1784 4629 2009 4704 calaniitates.
2040 4627 2112 4700 Ne·

1124 4730 1227 4800 mesia
1243 4730 1338 4800 enim
1357 4731 1500 4820 castigat
1518 4729 1769 4821 petulantiam,
1795 4745 1828 4800 et
1843 4731 1942 4802 Deras
1957 4725 2015 4801 his
2027 4755 2111 4822 poe·

1122 4833 1180 4902 nis
1204 4833 1360 4904 domitos
1388 4828 1552 4902 homiues
1578 4845 1717 4903 revocat
1744 4834 1787 4902 ad
1819 4831 2110 4920 moderationem,

1122 4947 1161 5004 ut
1194 4933 1383 5025 disciplina
1416 4933 1633 5004 restituatur.
1684 4931 1805 5022 Quar'e
1839 4958 1903 5004 vos
1938 4929 2111 5006 adhortor

1121 5035 1376 5122 adolescentes,
1418 5049 1458 5106 ut
1491 5035 1568 5104 sitis
1601 5035 1847 5118 modestiores,
1888 5059 1934 5104 ne
1964 5036 2110 5108 irritetis

1121 5133 1250 5222 Deum,
1266 5151 1307 5208 ut
1320 5137 1473 5230 publicis
1487 5135 1746 5208 calamitatibus
1762 5135 1886 5227 puniat
1898 5131 1991 5208 hauc
2006 5139 2108 5208 elire-

1121 5263 1201 5308 nem
1234 5239 1505 5310 contumaciam.
1559 5233 1741 5308 Prohibeo
1772 5240 1890 5332 itaque
1922 5240 2111 5312 autoritate

1119 5337 1368 5430 Magistratus,
1399 5365 1505 5434 quem
1526 5362 1628 5430 gero,
1660 5353 1695 5410 et
1714 5341 1759 5410 de
1774 5341 1951 5412 sententia
1967 5359 2110 5412 sennes

1119 5441 1351 5530 Academiae,
1383 5455 1576 5514 nocturnas
1598 5441 1887 5535 vociferationes,
1918 5455 1954 5516 et
1975 5443 2108 5516 tumul-
