<?xml version="1.0" encoding="UTF-8"?>
<!DOCTYPE html PUBLIC "-//W3C//DTD XHTML 1.0 Transitional//EN"
    "http://www.w3.org/TR/xhtml1/DTD/xhtml1-transitional.dtd">
<html xmlns="http://www.w3.org/1999/xhtml" xml:lang="en" lang="en">
 <head>
  <title>
</title>
<meta http-equiv="Content-Type" content="text/html;charset=utf-8" />
  <meta name='ocr-system' content='tesseract 3.04.00' />
  <meta name='ocr-capabilities' content='ocr_page ocr_carea ocr_par ocr_line ocrx_word'/>
</head>
<body>
  <div class='ocr_page' id='page_1' title='image "./philippimelanth10bindgoog_0510.png"; bbox 0 0 4686 6172; ppageno 0'>
   <div class='ocr_carea' id='block_1_1' title="bbox 217 335 2259 455">
    <p class='ocr_par' dir='ltr' id='par_1_1' title="bbox 217 335 2259 455">
     <span class='ocr_line' id='line_1_1' title="bbox 217 335 2259 455; baseline -0.004 -21"><span class='ocrx_word' id='word_1_1' title='bbox 217 359 294 434; x_wconf 74' lang='grc'>968</span> <span class='ocrx_word' id='word_1_2' title='bbox 699 359 1004 455; x_wconf 75' lang='lat' dir='ltr'>ALLOQUlA</span> <span class='ocrx_word' id='word_1_3' title='bbox 1037 357 1112 432; x_wconf 83' lang='grc' dir='ltr'>ΕΤ</span> <span class='ocrx_word' id='word_1_4' title='bbox 1144 353 1377 435; x_wconf 72' lang='lat' dir='ltr'>attavus</span> <span class='ocrx_word' id='word_1_5' title='bbox 1409 335 1765 431; x_wconf 79' lang='lat' dir='ltr'>CON&#39;ClONES.</span> <span class='ocrx_word' id='word_1_6' title='bbox 2176 345 2259 426; x_wconf 68' lang='grc'>964</span> 
     </span>
    </p>
   </div>
   <div class='ocr_carea' id='block_1_2' title="bbox 217 525 2268 1743">
    <p class='ocr_par' dir='ltr' id='par_1_2' title="bbox 217 525 2266 1440">
     <span class='ocr_line' id='line_1_2' title="bbox 217 525 2266 626; baseline -0.005 -22"><span class='ocrx_word' id='word_1_7' title='bbox 217 535 288 604; x_wconf 85' lang='lat' dir='ltr'>fide</span> <span class='ocrx_word' id='word_1_8' title='bbox 313 556 353 604; x_wconf 90' lang='lat' dir='ltr'>ac</span> <span class='ocrx_word' id='word_1_9' title='bbox 367 535 550 624; x_wconf 71' lang='lat' dir='ltr'>diligentia</span> <span class='ocrx_word' id='word_1_10' title='bbox 578 535 762 626; x_wconf 79' lang='lat' dir='ltr'>religionis</span> <span class='ocrx_word' id='word_1_11' title='bbox 779 551 813 605; x_wconf 85' lang='lat' dir='ltr'>et</span> <span class='ocrx_word' id='word_1_12' title='bbox 833 535 1051 624; x_wconf 89' lang='lat' dir='ltr'>optimarum</span> <span class='ocrx_word' id='word_1_13' title='bbox 1080 533 1209 602; x_wconf 92' lang='lat' dir='ltr'>artium</span> <span class='ocrx_word' id='word_1_14' title='bbox 1264 526 1390 600; x_wconf 89' lang='lat' dir='ltr'>randis</span> <span class='ocrx_word' id='word_1_15' title='bbox 1413 530 1582 621; x_wconf 72' lang='lat' dir='ltr'>operibus</span> <span class='ocrx_word' id='word_1_16' title='bbox 1604 527 1816 612; x_wconf 90' lang='lat' dir='ltr'>delectatur,</span> <span class='ocrx_word' id='word_1_17' title='bbox 1841 527 1969 596; x_wconf 85' lang='lat' dir='ltr'>ordine</span> <span class='ocrx_word' id='word_1_18' title='bbox 1986 525 2152 596; x_wconf 88' lang='lat' dir='ltr'>videlicet</span> <span class='ocrx_word' id='word_1_19' title='bbox 2168 549 2266 594; x_wconf 86' lang='lat' dir='ltr'>crea-</span> 
     </span>
     <span class='ocr_line' id='line_1_3' title="bbox 219 624 2263 730; baseline -0.004 -25"><span class='ocrx_word' id='word_1_20' title='bbox 219 636 396 730; x_wconf 89' lang='lat' dir='ltr'>principia</span> <span class='ocrx_word' id='word_1_21' title='bbox 425 629 489 704; x_wconf 89' lang='lat' dir='ltr'>hac</span> <span class='ocrx_word' id='word_1_22' title='bbox 506 651 627 706; x_wconf 88' lang='lat' dir='ltr'>nostra</span> <span class='ocrx_word' id='word_1_23' title='bbox 645 651 758 708; x_wconf 83' lang='lat' dir='ltr'>aetate</span> <span class='ocrx_word' id='word_1_24' title='bbox 780 651 963 730; x_wconf 89' lang='lat' dir='ltr'>utcunque</span> <span class='ocrx_word' id='word_1_25' title='bbox 980 636 1211 729; x_wconf 82' lang='lat' dir='ltr'>percepimus.</span> <span class='ocrx_word' id='word_1_26' title='bbox 1265 634 1395 715; x_wconf 90' lang='lat' dir='ltr'>tionis,</span> <span class='ocrx_word' id='word_1_27' title='bbox 1434 631 1609 700; x_wconf 82' lang='lat' dir='ltr'>mirandis</span> <span class='ocrx_word' id='word_1_28' title='bbox 1633 629 1800 720; x_wconf 88' lang='lat' dir='ltr'>operibus</span> <span class='ocrx_word' id='word_1_29' title='bbox 1823 627 2045 698; x_wconf 72' lang='lat' dir='ltr'>liberationis</span> <span class='ocrx_word' id='word_1_30' title='bbox 2069 624 2263 710; x_wconf 78' lang='lat' dir='ltr'>Ecclesiae,</span> 
     </span>
     <span class='ocr_line' id='line_1_4' title="bbox 219 728 2265 830; baseline -0.005 -20"><span class='ocrx_word' id='word_1_31' title='bbox 219 737 375 828; x_wconf 78' lang='lat' dir='ltr'>Agimus</span> <span class='ocrx_word' id='word_1_32' title='bbox 398 737 517 830; x_wconf 90' lang='lat' dir='ltr'>itaque</span> <span class='ocrx_word' id='word_1_33' title='bbox 538 735 614 808; x_wconf 90' lang='lat' dir='ltr'>Deo</span> <span class='ocrx_word' id='word_1_34' title='bbox 633 740 769 830; x_wconf 93' lang='lat' dir='ltr'>optimo</span> <span class='ocrx_word' id='word_1_35' title='bbox 795 740 948 808; x_wconf 89' lang='lat' dir='ltr'>maximo</span> <span class='ocrx_word' id='word_1_36' title='bbox 969 761 1114 825; x_wconf 89' lang='lat' dir='ltr'>magnas</span> <span class='ocrx_word' id='word_1_37' title='bbox 1131 759 1213 825; x_wconf 87' lang='lat' dir='ltr'>gra·</span> <span class='ocrx_word' id='word_1_38' title='bbox 1265 735 1340 826; x_wconf 89' lang='lat' dir='ltr'>ipsa</span> <span class='ocrx_word' id='word_1_39' title='bbox 1369 733 1437 802; x_wconf 87' lang='lat' dir='ltr'>lilii</span> <span class='ocrx_word' id='word_1_40' title='bbox 1462 729 1529 822; x_wconf 86' lang='lat' dir='ltr'>Dei</span> <span class='ocrx_word' id='word_1_41' title='bbox 1553 728 1776 811; x_wconf 87' lang='lat' dir='ltr'>obedientia,</span> <span class='ocrx_word' id='word_1_42' title='bbox 1810 730 2035 822; x_wconf 80' lang='lat' dir='ltr'>copulatione</span> <span class='ocrx_word' id='word_1_43' title='bbox 2059 729 2205 798; x_wconf 89' lang='lat' dir='ltr'>divinae</span> <span class='ocrx_word' id='word_1_44' title='bbox 2229 743 2265 800; x_wconf 87' lang='lat' dir='ltr'>et</span> 
     </span>
     <span class='ocr_line' id='line_1_5' title="bbox 220 830 2264 932; baseline -0.005 -22"><span class='ocrx_word' id='word_1_45' title='bbox 220 841 306 920; x_wconf 89' lang='lat' dir='ltr'>tias,</span> <span class='ocrx_word' id='word_1_46' title='bbox 338 841 434 932; x_wconf 92' lang='lat' dir='ltr'>quod</span> <span class='ocrx_word' id='word_1_47' title='bbox 468 840 581 928; x_wconf 90' lang='lat' dir='ltr'>ipsios</span> <span class='ocrx_word' id='word_1_48' title='bbox 610 865 758 910; x_wconf 89' lang='lat' dir='ltr'>munere</span> <span class='ocrx_word' id='word_1_49' title='bbox 786 842 934 930; x_wconf 89' lang='lat' dir='ltr'>contigit</span> <span class='ocrx_word' id='word_1_50' title='bbox 958 842 1063 909; x_wconf 90' lang='lat' dir='ltr'>nobis</span> <span class='ocrx_word' id='word_1_51' title='bbox 1085 841 1122 907; x_wconf 91' lang='lat' dir='ltr'>in</span> <span class='ocrx_word' id='word_1_52' title='bbox 1147 835 1212 907; x_wconf 91' lang='lat' dir='ltr'>bac</span> <span class='ocrx_word' id='word_1_53' title='bbox 1265 834 1444 906; x_wconf 88' lang='lat' dir='ltr'>humanae</span> <span class='ocrx_word' id='word_1_54' title='bbox 1466 849 1630 922; x_wconf 89' lang='lat' dir='ltr'>naturae,</span> <span class='ocrx_word' id='word_1_55' title='bbox 1664 832 1947 922; x_wconf 74' lang='lat' dir='ltr'>promulgatione</span> <span class='ocrx_word' id='word_1_56' title='bbox 1969 830 2173 912; x_wconf 91' lang='lat' dir='ltr'>doctrinae,</span> <span class='ocrx_word' id='word_1_57' title='bbox 2206 855 2264 900; x_wconf 86' lang='lat' dir='ltr'>ra-</span> 
     </span>
     <span class='ocr_line' id='line_1_6' title="bbox 221 931 2264 1034; baseline -0.006 -20"><span class='ocrx_word' id='word_1_58' title='bbox 221 942 437 1026; x_wconf 88' lang='lat' dir='ltr'>Academia,</span> <span class='ocrx_word' id='word_1_59' title='bbox 454 943 610 1034; x_wconf 88' lang='lat' dir='ltr'>primurn</span> <span class='ocrx_word' id='word_1_60' title='bbox 626 957 747 1012; x_wconf 91' lang='lat' dir='ltr'>nostra</span> <span class='ocrx_word' id='word_1_61' title='bbox 760 943 904 1032; x_wconf 87' lang='lat' dir='ltr'>ingenia</span> <span class='ocrx_word' id='word_1_62' title='bbox 919 944 1073 1012; x_wconf 84' lang='lat' dir='ltr'>formare</span> <span class='ocrx_word' id='word_1_63' title='bbox 1087 943 1130 1010; x_wconf 89' lang='lat' dir='ltr'>ad</span> <span class='ocrx_word' id='word_1_64' title='bbox 1147 942 1213 1009; x_wconf 90' lang='lat' dir='ltr'>bo·</span> <span class='ocrx_word' id='word_1_65' title='bbox 1265 937 1486 1010; x_wconf 76' lang='lat' dir='ltr'>surrectione</span> <span class='ocrx_word' id='word_1_66' title='bbox 1503 951 1536 1005; x_wconf 92' lang='lat' dir='ltr'>et</span> <span class='ocrx_word' id='word_1_67' title='bbox 1554 948 1683 1014; x_wconf 91' lang='lat' dir='ltr'>morte,</span> <span class='ocrx_word' id='word_1_68' title='bbox 1709 933 1852 1024; x_wconf 89' lang='lat' dir='ltr'>praeliis</span> <span class='ocrx_word' id='word_1_69' title='bbox 1867 945 1905 1020; x_wconf 88' lang='lat' dir='ltr'>et</span> <span class='ocrx_word' id='word_1_70' title='bbox 1918 931 2078 1002; x_wconf 89' lang='lat' dir='ltr'>victoriis</span> <span class='ocrx_word' id='word_1_71' title='bbox 2092 934 2264 1002; x_wconf 89' lang='lat' dir='ltr'>adversus</span> 
     </span>
     <span class='ocr_line' id='line_1_7' title="bbox 222 1031 2265 1129; baseline -0.006 -15"><span class='ocrx_word' id='word_1_72' title='bbox 222 1065 290 1114; x_wconf 89' lang='lat' dir='ltr'>nos</span> <span class='ocrx_word' id='word_1_73' title='bbox 305 1065 440 1127; x_wconf 88' lang='lat' dir='ltr'>mores,</span> <span class='ocrx_word' id='word_1_74' title='bbox 466 1055 501 1112; x_wconf 92' lang='lat' dir='ltr'>et</span> <span class='ocrx_word' id='word_1_75' title='bbox 527 1045 571 1111; x_wconf 87' lang='lat' dir='ltr'>ad</span> <span class='ocrx_word' id='word_1_76' title='bbox 588 1045 705 1114; x_wconf 87' lang='lat' dir='ltr'>studia</span> <span class='ocrx_word' id='word_1_77' title='bbox 723 1039 894 1129; x_wconf 90' lang='lat' dir='ltr'>honesta,</span> <span class='ocrx_word' id='word_1_78' title='bbox 921 1057 956 1114; x_wconf 92' lang='lat' dir='ltr'>et</span> <span class='ocrx_word' id='word_1_79' title='bbox 973 1039 1151 1112; x_wconf 81' lang='lat' dir='ltr'>Ecclesiae</span> <span class='ocrx_word' id='word_1_80' title='bbox 1173 1065 1212 1111; x_wconf 92' lang='lat' dir='ltr'>ac</span> <span class='ocrx_word' id='word_1_81' title='bbox 1266 1039 1462 1110; x_wconf 89' lang='lat' dir='ltr'>diabolum.</span> <span class='ocrx_word' id='word_1_82' title='bbox 1515 1035 1569 1106; x_wconf 92' lang='lat' dir='ltr'>De</span> <span class='ocrx_word' id='word_1_83' title='bbox 1592 1031 1648 1104; x_wconf 92' lang='lat' dir='ltr'>his</span> <span class='ocrx_word' id='word_1_84' title='bbox 1671 1036 1893 1104; x_wconf 84' lang='lat' dir='ltr'>admirandis</span> <span class='ocrx_word' id='word_1_85' title='bbox 1916 1034 2143 1124; x_wconf 86' lang='lat' dir='ltr'>spectaculis,</span> <span class='ocrx_word' id='word_1_86' title='bbox 2173 1059 2265 1126; x_wconf 86' lang='lat' dir='ltr'>quae</span> 
     </span>
     <span class='ocr_line' id='line_1_8' title="bbox 221 1133 2265 1234; baseline -0.007 -16"><span class='ocrx_word' id='word_1_87' title='bbox 221 1141 458 1234; x_wconf 87' lang='lat' dir='ltr'>Reipublicae</span> <span class='ocrx_word' id='word_1_88' title='bbox 479 1145 582 1213; x_wconf 90' lang='lat' dir='ltr'>utilia</span> <span class='ocrx_word' id='word_1_89' title='bbox 599 1171 638 1215; x_wconf 90' lang='lat' dir='ltr'>ac</span> <span class='ocrx_word' id='word_1_90' title='bbox 659 1146 865 1216; x_wconf 89' lang='lat' dir='ltr'>necessaria.</span> <span class='ocrx_word' id='word_1_91' title='bbox 917 1145 1055 1216; x_wconf 91' lang='lat' dir='ltr'>Deinde</span> <span class='ocrx_word' id='word_1_92' title='bbox 1072 1144 1211 1233; x_wconf 90' lang='lat' dir='ltr'>agimus</span> <span class='ocrx_word' id='word_1_93' title='bbox 1266 1139 1571 1210; x_wconf 86' lang='lat' dir='ltr'>considerabimus</span> <span class='ocrx_word' id='word_1_94' title='bbox 1597 1139 1729 1207; x_wconf 89' lang='lat' dir='ltr'>intuta</span> <span class='ocrx_word' id='word_1_95' title='bbox 1753 1135 1978 1216; x_wconf 81' lang='lat' dir='ltr'>aeternitate,</span> <span class='ocrx_word' id='word_1_96' title='bbox 2009 1133 2186 1206; x_wconf 88' lang='lat' dir='ltr'>Salomon</span> <span class='ocrx_word' id='word_1_97' title='bbox 2210 1137 2265 1206; x_wconf 94' lang='lat' dir='ltr'>lo-</span> 
     </span>
     <span class='ocr_line' id='line_1_9' title="bbox 222 1235 2266 1341; baseline -0.003 -26"><span class='ocrx_word' id='word_1_98' title='bbox 222 1246 351 1336; x_wconf 86' lang='lat' dir='ltr'>gratias</span> <span class='ocrx_word' id='word_1_99' title='bbox 367 1248 677 1338; x_wconf 90' lang='lat' dir='ltr'>praeceptoribus,</span> <span class='ocrx_word' id='word_1_100' title='bbox 705 1251 801 1341; x_wconf 90' lang='lat' dir='ltr'>quod</span> <span class='ocrx_word' id='word_1_101' title='bbox 823 1248 1007 1340; x_wconf 87' lang='lat' dir='ltr'>principiis</span> <span class='ocrx_word' id='word_1_102' title='bbox 1031 1247 1209 1316; x_wconf 90' lang='lat' dir='ltr'>bonarum</span> <span class='ocrx_word' id='word_1_103' title='bbox 1267 1240 1405 1336; x_wconf 90' lang='lat' dir='ltr'>quitur,</span> <span class='ocrx_word' id='word_1_104' title='bbox 1438 1265 1518 1311; x_wconf 90' lang='lat' dir='ltr'>cum</span> <span class='ocrx_word' id='word_1_105' title='bbox 1548 1235 1608 1309; x_wconf 91' lang='lat' dir='ltr'>hic</span> <span class='ocrx_word' id='word_1_106' title='bbox 1630 1239 1696 1311; x_wconf 90' lang='lat' dir='ltr'>ait:</span> <span class='ocrx_word' id='word_1_107' title='bbox 1730 1237 1951 1329; x_wconf 87' lang='lat' dir='ltr'>Sapientiam</span> <span class='ocrx_word' id='word_1_108' title='bbox 1972 1235 2012 1304; x_wconf 90' lang='lat' dir='ltr'>in</span> <span class='ocrx_word' id='word_1_109' title='bbox 2037 1238 2126 1306; x_wconf 90' lang='lat' dir='ltr'>orbe</span> <span class='ocrx_word' id='word_1_110' title='bbox 2150 1251 2266 1308; x_wconf 87' lang='lat' dir='ltr'>terrae</span> 
     </span>
     <span class='ocr_line' id='line_1_10' title="bbox 222 1345 1405 1440; baseline -0.005 -22"><span class='ocrx_word' id='word_1_111' title='bbox 222 1348 354 1418; x_wconf 90' lang='lat' dir='ltr'>artium</span> <span class='ocrx_word' id='word_1_112' title='bbox 388 1371 454 1418; x_wconf 90' lang='lat' dir='ltr'>nos</span> <span class='ocrx_word' id='word_1_113' title='bbox 485 1351 530 1416; x_wconf 90' lang='lat' dir='ltr'>ad</span> <span class='ocrx_word' id='word_1_114' title='bbox 560 1351 793 1419; x_wconf 84' lang='lat' dir='ltr'>maximarum</span> <span class='ocrx_word' id='word_1_115' title='bbox 827 1373 946 1418; x_wconf 87' lang='lat' dir='ltr'>rerum</span> <span class='ocrx_word' id='word_1_116' title='bbox 972 1345 1213 1436; x_wconf 86' lang='lat' dir='ltr'>cognitionem</span> <span class='ocrx_word' id='word_1_117' title='bbox 1271 1345 1405 1440; x_wconf 82' lang='lat' dir='ltr'>ludere.</span> 
     </span>
    </p>

    <p class='ocr_par' dir='ltr' id='par_1_3' title="bbox 222 1437 2268 1743">
     <span class='ocr_line' id='line_1_11' title="bbox 222 1437 2268 1542; baseline -0.004 -24"><span class='ocrx_word' id='word_1_118' title='bbox 222 1463 538 1542; x_wconf 87' lang='lat' dir='ltr'>praeparaverunt.</span> <span class='ocrx_word' id='word_1_119' title='bbox 588 1449 739 1540; x_wconf 85' lang='lat' dir='ltr'>Agimus</span> <span class='ocrx_word' id='word_1_120' title='bbox 766 1465 800 1520; x_wconf 92' lang='lat' dir='ltr'>et</span> <span class='ocrx_word' id='word_1_121' title='bbox 827 1452 956 1540; x_wconf 85' lang='lat' dir='ltr'>gratias</span> <span class='ocrx_word' id='word_1_122' title='bbox 983 1451 1063 1518; x_wconf 88' lang='lat' dir='ltr'>aliis</span> <span class='ocrx_word' id='word_1_123' title='bbox 1083 1449 1214 1518; x_wconf 89' lang='lat' dir='ltr'>doctis-</span> <span class='ocrx_word' id='word_1_124' title='bbox 1369 1443 1622 1514; x_wconf 87' lang='lat' dir='ltr'>Dulcissimum</span> <span class='ocrx_word' id='word_1_125' title='bbox 1644 1455 1760 1511; x_wconf 91' lang='lat' dir='ltr'>antem</span> <span class='ocrx_word' id='word_1_126' title='bbox 1784 1453 1855 1526; x_wconf 91' lang='lat' dir='ltr'>est,</span> <span class='ocrx_word' id='word_1_127' title='bbox 1886 1441 1984 1534; x_wconf 89' lang='lat' dir='ltr'>quod</span> <span class='ocrx_word' id='word_1_128' title='bbox 2007 1437 2076 1525; x_wconf 89' lang='lat' dir='ltr'>ait,</span> <span class='ocrx_word' id='word_1_129' title='bbox 2110 1439 2268 1512; x_wconf 88' lang='lat' dir='ltr'>delecta-</span> 
     </span>
     <span class='ocr_line' id='line_1_12' title="bbox 224 1539 2266 1643; baseline -0.004 -23"><span class='ocrx_word' id='word_1_130' title='bbox 224 1551 324 1620; x_wconf 88' lang='lat' dir='ltr'>simis</span> <span class='ocrx_word' id='word_1_131' title='bbox 350 1565 384 1620; x_wconf 90' lang='lat' dir='ltr'>et</span> <span class='ocrx_word' id='word_1_132' title='bbox 411 1551 615 1620; x_wconf 90' lang='lat' dir='ltr'>clarissimis</span> <span class='ocrx_word' id='word_1_133' title='bbox 642 1553 744 1632; x_wconf 90' lang='lat' dir='ltr'>viris,</span> <span class='ocrx_word' id='word_1_134' title='bbox 779 1565 813 1622; x_wconf 91' lang='lat' dir='ltr'>et</span> <span class='ocrx_word' id='word_1_135' title='bbox 840 1547 1087 1634; x_wconf 87' lang='lat' dir='ltr'>Scholasticis,</span> <span class='ocrx_word' id='word_1_136' title='bbox 1115 1551 1212 1643; x_wconf 91' lang='lat' dir='ltr'>quod</span> <span class='ocrx_word' id='word_1_137' title='bbox 1270 1546 1384 1617; x_wconf 86' lang='lat' dir='ltr'>tiones</span> <span class='ocrx_word' id='word_1_138' title='bbox 1407 1539 1867 1616; x_wconf 89' lang='lat' dir='ltr'>eiusesseinhominibus.</span> <span class='ocrx_word' id='word_1_139' title='bbox 1918 1539 2084 1627; x_wconf 84' lang='lat' dir='ltr'>anest,</span> <span class='ocrx_word' id='word_1_140' title='bbox 2113 1542 2266 1612; x_wconf 90' lang='lat' dir='ltr'>laetatur</span> 
     </span>
     <span class='ocr_line' id='line_1_13' title="bbox 225 1640 2265 1743; baseline -0.004 -21"><span class='ocrx_word' id='word_1_141' title='bbox 225 1647 375 1722; x_wconf 90' lang='lat' dir='ltr'>honoris</span> <span class='ocrx_word' id='word_1_142' title='bbox 407 1653 519 1720; x_wconf 89' lang='lat' dir='ltr'>nostri</span> <span class='ocrx_word' id='word_1_143' title='bbox 552 1674 654 1722; x_wconf 89' lang='lat' dir='ltr'>causa</span> <span class='ocrx_word' id='word_1_144' title='bbox 681 1667 839 1724; x_wconf 88' lang='lat' dir='ltr'>nostram</span> <span class='ocrx_word' id='word_1_145' title='bbox 864 1654 1127 1743; x_wconf 89' lang='lat' dir='ltr'>promotionem</span> <span class='ocrx_word' id='word_1_146' title='bbox 1150 1675 1211 1719; x_wconf 88' lang='lat' dir='ltr'>sua</span> <span class='ocrx_word' id='word_1_147' title='bbox 1268 1649 1343 1741; x_wconf 89' lang='lat' dir='ltr'>ipse</span> <span class='ocrx_word' id='word_1_148' title='bbox 1364 1649 1446 1717; x_wconf 86' lang='lat' dir='ltr'>liliis</span> <span class='ocrx_word' id='word_1_149' title='bbox 1461 1646 1549 1732; x_wconf 92' lang='lat' dir='ltr'>Dei,</span> <span class='ocrx_word' id='word_1_150' title='bbox 1573 1647 1668 1740; x_wconf 91' lang='lat' dir='ltr'>quod</span> <span class='ocrx_word' id='word_1_151' title='bbox 1694 1645 1857 1736; x_wconf 79' lang='lat' dir='ltr'>patefacit</span> <span class='ocrx_word' id='word_1_152' title='bbox 1873 1667 1909 1712; x_wconf 91' lang='lat' dir='ltr'>se</span> <span class='ocrx_word' id='word_1_153' title='bbox 1924 1643 2039 1712; x_wconf 89' lang='lat' dir='ltr'>nobis.</span> <span class='ocrx_word' id='word_1_154' title='bbox 2093 1640 2265 1714; x_wconf 83' lang='lat' dir='ltr'>Patefacit</span> 
     </span>
    </p>
   </div>
   <div class='ocr_carea' id='block_1_3' title="bbox 225 1751 1216 2031">
    <p class='ocr_par' dir='ltr' id='par_1_4' title="bbox 225 1751 1216 2031">
     <span class='ocr_line' id='line_1_14' title="bbox 225 1751 1214 1846; baseline -0.003 -24"><span class='ocrx_word' id='word_1_155' title='bbox 225 1755 425 1846; x_wconf 90' lang='lat' dir='ltr'>praesentia</span> <span class='ocrx_word' id='word_1_156' title='bbox 456 1777 585 1822; x_wconf 91' lang='lat' dir='ltr'>ornare</span> <span class='ocrx_word' id='word_1_157' title='bbox 616 1779 689 1826; x_wconf 92' lang='lat' dir='ltr'>non</span> <span class='ocrx_word' id='word_1_158' title='bbox 723 1769 806 1825; x_wconf 89' lang='lat' dir='ltr'>sunt</span> <span class='ocrx_word' id='word_1_159' title='bbox 831 1756 1026 1844; x_wconf 90' lang='lat' dir='ltr'>dedignati.</span> <span class='ocrx_word' id='word_1_160' title='bbox 1078 1751 1132 1822; x_wconf 89' lang='lat' dir='ltr'>Ac</span> <span class='ocrx_word' id='word_1_161' title='bbox 1160 1751 1214 1820; x_wconf 87' lang='lat' dir='ltr'>vi-</span> 
     </span>
     <span class='ocr_line' id='line_1_15' title="bbox 226 1853 1216 2026; baseline -0.001 -102"><span class='ocrx_word' id='word_1_162' title='bbox 226 1853 343 1924; x_wconf 86' lang='lat' dir='ltr'>cissim</span> <span class='ocrx_word' id='word_1_163' title='bbox 368 1857 421 2026; x_wconf 53' lang='lat' dir='ltr'>ihs</span> <span class='ocrx_word' id='word_1_164' title='bbox 436 1857 697 1973; x_wconf 80' lang='lat' dir='ltr'>observantiam</span> <span class='ocrx_word' id='word_1_165' title='bbox 724 1881 762 1928; x_wconf 89' lang='lat' dir='ltr'>ac</span> <span class='ocrx_word' id='word_1_166' title='bbox 784 1857 898 1926; x_wconf 85' lang='lat' dir='ltr'>officia</span> <span class='ocrx_word' id='word_1_167' title='bbox 921 1871 1042 1928; x_wconf 90' lang='lat' dir='ltr'>nostra</span> <span class='ocrx_word' id='word_1_168' title='bbox 1070 1854 1216 1947; x_wconf 86' lang='lat' dir='ltr'>pollice-</span> 
     </span>
     <span class='ocr_line' id='line_1_16' title="bbox 226 1979 470 2031; baseline -0.012 -4"><span class='ocrx_word' id='word_1_169' title='bbox 226 1979 321 2029; x_wconf 86' lang='lat' dir='ltr'>mur.</span> <span class='ocrx_word' id='word_1_170' title='bbox 412 1981 470 2031; x_wconf 81' lang='lat' dir='ltr'>rar.</span> 
     </span>
    </p>
   </div>
   <div class='ocr_carea' id='block_1_4' title="bbox 952 2229 1198 2302">
    <p class='ocr_par' dir='ltr' id='par_1_5' title="bbox 952 2229 1198 2302">
     <span class='ocr_line' id='line_1_17' title="bbox 952 2229 1198 2302; baseline 0.008 -8"><span class='ocrx_word' id='word_1_171' title='bbox 952 2233 1005 2300; x_wconf 82' lang='lat'>29.</span> <span class='ocrx_word' id='word_1_172' title='bbox 1021 2229 1086 2302; x_wconf 81' lang='lat' dir='ltr'>lau,</span> <span class='ocrx_word' id='word_1_173' title='bbox 1102 2233 1198 2302; x_wconf 76' lang='lat'>1554.</span> 
     </span>
    </p>
   </div>
   <div class='ocr_carea' id='block_1_5' title="bbox 296 2409 982 2486">
    <p class='ocr_par' dir='ltr' id='par_1_6' title="bbox 296 2409 982 2486">
     <span class='ocr_line' id='line_1_18' title="bbox 296 2409 982 2486; baseline 0.006 -20"><span class='ocrx_word' id='word_1_174' title='bbox 296 2411 330 2466; x_wconf 91' lang='lat' dir='ltr'>ln</span> <span class='ocrx_word' id='word_1_175' title='bbox 350 2411 514 2482; x_wconf 86' lang='lat' dir='ltr'>Quaestioo.</span> <span class='ocrx_word' id='word_1_176' title='bbox 531 2413 564 2467; x_wconf 90' lang='lat' dir='ltr'>ab</span> <span class='ocrx_word' id='word_1_177' title='bbox 583 2411 674 2466; x_wconf 86' lang='lat' dir='ltr'>Ebero</span> <span class='ocrx_word' id='word_1_178' title='bbox 692 2411 770 2466; x_wconf 89' lang='lat' dir='ltr'>editis</span> <span class='ocrx_word' id='word_1_179' title='bbox 788 2431 816 2486; x_wconf 92' lang='lat' dir='ltr'>p.</span> <span class='ocrx_word' id='word_1_180' title='bbox 829 2409 911 2469; x_wconf 66' lang='lat' dir='ltr'>iffi.</span> <span class='ocrx_word' id='word_1_181' title='bbox 922 2431 982 2486; x_wconf 81' lang='lat' dir='ltr'>sqq.</span> 
     </span>
    </p>
   </div>
   <div class='ocr_carea' id='block_1_6' title="bbox 230 2538 1221 2734">
    <p class='ocr_par' dir='ltr' id='par_1_7' title="bbox 230 2538 1221 2734">
     <span class='ocr_line' id='line_1_19' title="bbox 230 2538 1221 2630; baseline 0 -18"><span class='ocrx_word' id='word_1_182' title='bbox 230 2543 361 2612; x_wconf 76' lang='lat' dir='ltr'>(trotio</span> <span class='ocrx_word' id='word_1_183' title='bbox 397 2547 565 2614; x_wconf 76' lang='lat' dir='ltr'>recitato</span> <span class='ocrx_word' id='word_1_184' title='bbox 601 2563 626 2612; x_wconf 83' lang='lat' dir='ltr'>a</span> <span class='ocrx_word' id='word_1_185' title='bbox 656 2542 707 2614; x_wconf 89' lang='lat' dir='ltr'>D.</span> <span class='ocrx_word' id='word_1_186' title='bbox 746 2543 956 2613; x_wconf 72' lang='lat' dir='ltr'>ilenrico</span> <span class='ocrx_word' id='word_1_187' title='bbox 993 2538 1221 2630; x_wconf 63' lang='lat' dir='ltr'>attento,</span> 
     </span>
     <span class='ocr_line' id='line_1_20' title="bbox 238 2641 1205 2734; baseline -0.001 -20"><span class='ocrx_word' id='word_1_188' title='bbox 238 2651 417 2734; x_wconf 76' lang='lat' dir='ltr'>promoto</span> <span class='ocrx_word' id='word_1_189' title='bbox 441 2649 483 2716; x_wconf 85' lang='lat' dir='ltr'>in</span> <span class='ocrx_word' id='word_1_190' title='bbox 503 2644 706 2716; x_wconf 85' lang='lat' dir='ltr'>Doctorena</span> <span class='ocrx_word' id='word_1_191' title='bbox 730 2642 857 2716; x_wconf 77' lang='lat' dir='ltr'>l’lteol.</span> <span class='ocrx_word' id='word_1_192' title='bbox 878 2641 940 2718; x_wconf 76' lang='grc'>29.</span> <span class='ocrx_word' id='word_1_193' title='bbox 961 2641 1024 2716; x_wconf 81' lang='lat' dir='ltr'>die</span> <span class='ocrx_word' id='word_1_194' title='bbox 1045 2647 1205 2715; x_wconf 80' lang='lat' dir='ltr'>Ianuar.</span> 
     </span>
    </p>
   </div>
   <div class='ocr_carea' id='block_1_7' title="bbox 626 2741 825 2820">
    <p class='ocr_par' dir='ltr' id='par_1_8' title="bbox 626 2741 825 2820">
     <span class='ocr_line' id='line_1_21' title="bbox 626 2741 825 2820; baseline 0.01 -2"><span class='ocrx_word' id='word_1_195' title='bbox 626 2767 689 2818; x_wconf 84' lang='lat' dir='ltr'>aaa.</span> <span class='ocrx_word' id='word_1_196' title='bbox 719 2741 825 2820; x_wconf 76' lang='grc'><strong>1554.</strong></span> 
     </span>
    </p>
   </div>
   <div class='ocr_carea' id='block_1_8' title="bbox 227 2844 1222 2949">
    <p class='ocr_par' dir='ltr' id='par_1_9' title="bbox 227 2844 1222 2949">
     <span class='ocr_line' id='line_1_22' title="bbox 227 2844 1222 2949; baseline -0.004 -13"><span class='ocrx_word' id='word_1_197' title='bbox 227 2844 411 2936; x_wconf 81' lang='lat' dir='ltr'>Usitatum</span> <span class='ocrx_word' id='word_1_198' title='bbox 440 2877 491 2932; x_wconf 88' lang='lat' dir='ltr'>est</span> <span class='ocrx_word' id='word_1_199' title='bbox 518 2859 556 2932; x_wconf 91' lang='lat' dir='ltr'>in</span> <span class='ocrx_word' id='word_1_200' title='bbox 583 2864 779 2933; x_wconf 89' lang='lat' dir='ltr'>testimonii</span> <span class='ocrx_word' id='word_1_201' title='bbox 808 2864 1095 2949; x_wconf 86' lang='lat' dir='ltr'>renunciatione,</span> <span class='ocrx_word' id='word_1_202' title='bbox 1123 2876 1222 2933; x_wconf 87' lang='lat' dir='ltr'>utet</span> 
     </span>
    </p>
   </div>
   <div class='ocr_carea' id='block_1_9' title="bbox 223 2965 1235 5602">
    <p class='ocr_par' dir='ltr' id='par_1_10' title="bbox 223 2965 1232 5302">
     <span class='ocr_line' id='line_1_23' title="bbox 228 2965 1222 3058; baseline 0.002 -28"><span class='ocrx_word' id='word_1_203' title='bbox 228 2983 296 3034; x_wconf 88' lang='lat' dir='ltr'>nos</span> <span class='ocrx_word' id='word_1_204' title='bbox 317 2965 453 3057; x_wconf 90' lang='lat' dir='ltr'>aliquid</span> <span class='ocrx_word' id='word_1_205' title='bbox 477 2965 653 3050; x_wconf 90' lang='lat' dir='ltr'>dicamus,</span> <span class='ocrx_word' id='word_1_206' title='bbox 679 2965 811 3058; x_wconf 89' lang='lat' dir='ltr'>quibus</span> <span class='ocrx_word' id='word_1_207' title='bbox 829 2967 1073 3036; x_wconf 90' lang='lat' dir='ltr'>testimonium</span> <span class='ocrx_word' id='word_1_208' title='bbox 1089 2965 1222 3036; x_wconf 89' lang='lat' dir='ltr'>tribui·</span> 
     </span>
     <span class='ocr_line' id='line_1_24' title="bbox 229 3061 1222 3158; baseline 0.001 -24"><span class='ocrx_word' id='word_1_209' title='bbox 229 3075 299 3136; x_wconf 88' lang='lat' dir='ltr'>tur.</span> <span class='ocrx_word' id='word_1_210' title='bbox 353 3065 436 3137; x_wconf 89' lang='lat' dir='ltr'>ldeo</span> <span class='ocrx_word' id='word_1_211' title='bbox 460 3081 501 3136; x_wconf 95' lang='lat' dir='ltr'>ut</span> <span class='ocrx_word' id='word_1_212' title='bbox 516 3067 765 3136; x_wconf 90' lang='lat' dir='ltr'>consuetudini</span> <span class='ocrx_word' id='word_1_213' title='bbox 787 3061 955 3138; x_wconf 88' lang='lat' dir='ltr'>honestae</span> <span class='ocrx_word' id='word_1_214' title='bbox 970 3069 1222 3158; x_wconf 79' lang='lat' dir='ltr'>obtemperem,</span> 
     </span>
     <span class='ocr_line' id='line_1_25' title="bbox 229 3167 1222 3260; baseline -0.003 -20"><span class='ocrx_word' id='word_1_215' title='bbox 229 3169 346 3240; x_wconf 85' lang='lat' dir='ltr'>dicam</span> <span class='ocrx_word' id='word_1_216' title='bbox 369 3173 413 3236; x_wconf 93' lang='lat' dir='ltr'>de</span> <span class='ocrx_word' id='word_1_217' title='bbox 428 3167 629 3237; x_wconf 87' lang='lat' dir='ltr'>dulcissima</span> <span class='ocrx_word' id='word_1_218' title='bbox 645 3169 819 3238; x_wconf 88' lang='lat' dir='ltr'>sententia</span> <span class='ocrx_word' id='word_1_219' title='bbox 834 3167 1038 3240; x_wconf 88' lang='lat' dir='ltr'>Salomonis</span> <span class='ocrx_word' id='word_1_220' title='bbox 1056 3169 1094 3238; x_wconf 90' lang='lat' dir='ltr'>in</span> <span class='ocrx_word' id='word_1_221' title='bbox 1109 3169 1222 3260; x_wconf 86' lang='lat' dir='ltr'>capite</span> 
     </span>
     <span class='ocr_line' id='line_1_26' title="bbox 231 3267 1222 3364; baseline -0.004 -24"><span class='ocrx_word' id='word_1_222' title='bbox 231 3283 355 3340; x_wconf 88' lang='lat' dir='ltr'>octavo</span> <span class='ocrx_word' id='word_1_223' title='bbox 374 3267 662 3343; x_wconf 77' lang='lat' dir='ltr'>proverbiorum.</span> <span class='ocrx_word' id='word_1_224' title='bbox 714 3267 785 3340; x_wconf 91' lang='lat' dir='ltr'>Ubi</span> <span class='ocrx_word' id='word_1_225' title='bbox 811 3270 929 3364; x_wconf 91' lang='lat' dir='ltr'>inquit</span> <span class='ocrx_word' id='word_1_226' title='bbox 952 3271 1140 3362; x_wconf 88' lang='lat' dir='ltr'>sapientia:</span> <span class='ocrx_word' id='word_1_227' title='bbox 1168 3267 1222 3337; x_wconf 86' lang='lat' dir='ltr'>Et</span> 
     </span>
     <span class='ocr_line' id='line_1_27' title="bbox 223 3365 1221 3472; baseline -0.002 -32"><span class='ocrx_word' id='word_1_228' title='bbox 223 3369 294 3472; x_wconf 86' lang='lat' dir='ltr'>sui</span> <span class='ocrx_word' id='word_1_229' title='bbox 318 3393 397 3440; x_wconf 81' lang='lat' dir='ltr'>cum</span> <span class='ocrx_word' id='word_1_230' title='bbox 423 3395 463 3440; x_wconf 82' lang='lat' dir='ltr'>eo</span> <span class='ocrx_word' id='word_1_231' title='bbox 483 3368 648 3468; x_wconf 70' lang='lat' dir='ltr'>artifex,</span> <span class='ocrx_word' id='word_1_232' title='bbox 676 3365 807 3440; x_wconf 83' lang='lat' dir='ltr'>ludens</span> <span class='ocrx_word' id='word_1_233' title='bbox 830 3369 870 3440; x_wconf 81' lang='lat' dir='ltr'>ia</span> <span class='ocrx_word' id='word_1_234' title='bbox 888 3369 972 3440; x_wconf 80' lang='lat' dir='ltr'>orbe</span> <span class='ocrx_word' id='word_1_235' title='bbox 988 3381 1106 3440; x_wconf 83' lang='lat' dir='ltr'>terras</span> <span class='ocrx_word' id='word_1_236' title='bbox 1120 3393 1221 3455; x_wconf 82' lang='lat' dir='ltr'>suae,</span> 
     </span>
     <span class='ocr_line' id='line_1_28' title="bbox 232 3465 1222 3562; baseline -0.004 -18"><span class='ocrx_word' id='word_1_237' title='bbox 232 3481 265 3544; x_wconf 82' lang='lat' dir='ltr'>al</span> <span class='ocrx_word' id='word_1_238' title='bbox 287 3465 543 3542; x_wconf 78' lang='lat' dir='ltr'>delectationes</span> <span class='ocrx_word' id='word_1_239' title='bbox 565 3493 665 3540; x_wconf 81' lang='lat' dir='ltr'>meae</span> <span class='ocrx_word' id='word_1_240' title='bbox 681 3495 759 3542; x_wconf 86' lang='lat' dir='ltr'>cum</span> <span class='ocrx_word' id='word_1_241' title='bbox 768 3467 873 3562; x_wconf 83' lang='lat' dir='ltr'>filiis</span> <span class='ocrx_word' id='word_1_242' title='bbox 888 3467 1092 3546; x_wconf 75' lang='lat' dir='ltr'>bantinum.</span> <span class='ocrx_word' id='word_1_243' title='bbox 1144 3471 1222 3543; x_wconf 88' lang='lat' dir='ltr'>Etsi</span> 
     </span>
     <span class='ocr_line' id='line_1_29' title="bbox 232 3569 1224 3667; baseline -0.003 -21"><span class='ocrx_word' id='word_1_244' title='bbox 232 3589 351 3646; x_wconf 89' lang='lat' dir='ltr'>autem</span> <span class='ocrx_word' id='word_1_245' title='bbox 368 3576 566 3666; x_wconf 87' lang='lat' dir='ltr'>amplitudo</span> <span class='ocrx_word' id='word_1_246' title='bbox 584 3569 692 3643; x_wconf 91' lang='lat' dir='ltr'>huius</span> <span class='ocrx_word' id='word_1_247' title='bbox 708 3576 902 3645; x_wconf 89' lang='lat' dir='ltr'>sententiae</span> <span class='ocrx_word' id='word_1_248' title='bbox 921 3599 993 3644; x_wconf 90' lang='lat' dir='ltr'>non</span> <span class='ocrx_word' id='word_1_249' title='bbox 1011 3589 1125 3667; x_wconf 89' lang='lat' dir='ltr'>potest</span> <span class='ocrx_word' id='word_1_250' title='bbox 1142 3577 1224 3646; x_wconf 87' lang='lat' dir='ltr'>bre·</span> 
     </span>
     <span class='ocr_line' id='line_1_30' title="bbox 232 3672 1222 3767; baseline 0 -21"><span class='ocrx_word' id='word_1_251' title='bbox 232 3676 324 3748; x_wconf 80' lang='lat' dir='ltr'>riter</span> <span class='ocrx_word' id='word_1_252' title='bbox 342 3677 519 3764; x_wconf 86' lang='lat' dir='ltr'>enarrari,</span> <span class='ocrx_word' id='word_1_253' title='bbox 546 3691 580 3744; x_wconf 91' lang='lat' dir='ltr'>et</span> <span class='ocrx_word' id='word_1_254' title='bbox 603 3676 738 3766; x_wconf 85' lang='lat' dir='ltr'>prolixa</span> <span class='ocrx_word' id='word_1_255' title='bbox 754 3678 867 3746; x_wconf 88' lang='lat' dir='ltr'>oratio</span> <span class='ocrx_word' id='word_1_256' title='bbox 883 3672 967 3747; x_wconf 92' lang='lat' dir='ltr'>huic</span> <span class='ocrx_word' id='word_1_257' title='bbox 983 3678 1133 3767; x_wconf 85' lang='lat' dir='ltr'>tempori</span> <span class='ocrx_word' id='word_1_258' title='bbox 1149 3699 1222 3746; x_wconf 93' lang='lat' dir='ltr'>non</span> 
     </span>
     <span class='ocr_line' id='line_1_31' title="bbox 233 3779 1224 3868; baseline -0.001 -20"><span class='ocrx_word' id='word_1_259' title='bbox 233 3779 417 3868; x_wconf 84' lang='lat' dir='ltr'>congruit,</span> <span class='ocrx_word' id='word_1_260' title='bbox 450 3791 569 3846; x_wconf 84' lang='lat' dir='ltr'>tamen</span> <span class='ocrx_word' id='word_1_261' title='bbox 597 3779 701 3846; x_wconf 91' lang='lat' dir='ltr'>etiarn</span> <span class='ocrx_word' id='word_1_262' title='bbox 727 3781 845 3846; x_wconf 89' lang='lat' dir='ltr'>brevis</span> <span class='ocrx_word' id='word_1_263' title='bbox 866 3781 1156 3848; x_wconf 85' lang='lat' dir='ltr'>commonefactio</span> <span class='ocrx_word' id='word_1_264' title='bbox 1180 3782 1224 3847; x_wconf 89' lang='lat' dir='ltr'>de</span> 
     </span>
     <span class='ocr_line' id='line_1_32' title="bbox 234 3878 1225 3974; baseline 0 -26"><span class='ocrx_word' id='word_1_265' title='bbox 234 3892 307 3956; x_wconf 90' lang='lat' dir='ltr'>tam</span> <span class='ocrx_word' id='word_1_266' title='bbox 332 3881 428 3950; x_wconf 89' lang='lat' dir='ltr'>dulci</span> <span class='ocrx_word' id='word_1_267' title='bbox 445 3879 619 3948; x_wconf 88' lang='lat' dir='ltr'>sententia</span> <span class='ocrx_word' id='word_1_268' title='bbox 637 3881 803 3948; x_wconf 90' lang='lat' dir='ltr'>studiosis</span> <span class='ocrx_word' id='word_1_269' title='bbox 822 3883 975 3970; x_wconf 88' lang='lat' dir='ltr'>prodest.</span> <span class='ocrx_word' id='word_1_270' title='bbox 1027 3878 1153 3974; x_wconf 80' lang='lat' dir='ltr'>Aliqui</span> <span class='ocrx_word' id='word_1_271' title='bbox 1169 3882 1225 3949; x_wconf 91' lang='lat' dir='ltr'>di-</span> 
     </span>
     <span class='ocr_line' id='line_1_33' title="bbox 236 3979 1225 4073; baseline -0.002 -21"><span class='ocrx_word' id='word_1_272' title='bbox 236 3993 331 4054; x_wconf 85' lang='lat' dir='ltr'>ctum</span> <span class='ocrx_word' id='word_1_273' title='bbox 346 3979 549 4052; x_wconf 88' lang='lat' dir='ltr'>Salomonis</span> <span class='ocrx_word' id='word_1_274' title='bbox 571 3995 708 4050; x_wconf 89' lang='lat' dir='ltr'>tantum</span> <span class='ocrx_word' id='word_1_275' title='bbox 730 3985 775 4050; x_wconf 89' lang='lat' dir='ltr'>de</span> <span class='ocrx_word' id='word_1_276' title='bbox 799 3997 939 4052; x_wconf 81' lang='lat' dir='ltr'>externa</span> <span class='ocrx_word' id='word_1_277' title='bbox 964 4007 1047 4052; x_wconf 89' lang='lat' dir='ltr'>voce</span> <span class='ocrx_word' id='word_1_278' title='bbox 1065 3983 1225 4073; x_wconf 91' lang='lat' dir='ltr'>promul-</span> 
     </span>
     <span class='ocr_line' id='line_1_34' title="bbox 237 4082 1227 4172; baseline 0 -20"><span class='ocrx_word' id='word_1_279' title='bbox 237 4097 336 4172; x_wconf 86' lang='lat' dir='ltr'>gatae</span> <span class='ocrx_word' id='word_1_280' title='bbox 358 4083 541 4154; x_wconf 90' lang='lat' dir='ltr'>doctrinae</span> <span class='ocrx_word' id='word_1_281' title='bbox 561 4082 777 4172; x_wconf 89' lang='lat' dir='ltr'>intelligunt.</span> <span class='ocrx_word' id='word_1_282' title='bbox 836 4083 983 4154; x_wconf 88' lang='lat' dir='ltr'>Constat</span> <span class='ocrx_word' id='word_1_283' title='bbox 1005 4085 1101 4152; x_wconf 89' lang='lat' dir='ltr'>enim</span> <span class='ocrx_word' id='word_1_284' title='bbox 1122 4083 1227 4158; x_wconf 90' lang='lat' dir='ltr'>Salo-</span> 
     </span>
     <span class='ocr_line' id='line_1_35' title="bbox 238 4182 1226 4278; baseline -0.001 -24"><span class='ocrx_word' id='word_1_285' title='bbox 238 4182 381 4256; x_wconf 87' lang='lat' dir='ltr'>monem</span> <span class='ocrx_word' id='word_1_286' title='bbox 411 4183 508 4275; x_wconf 85' lang='lat' dir='ltr'>loqui</span> <span class='ocrx_word' id='word_1_287' title='bbox 539 4190 584 4252; x_wconf 91' lang='lat' dir='ltr'>de</span> <span class='ocrx_word' id='word_1_288' title='bbox 612 4209 652 4254; x_wconf 90' lang='lat' dir='ltr'>ea</span> <span class='ocrx_word' id='word_1_289' title='bbox 673 4185 865 4273; x_wconf 87' lang='lat' dir='ltr'>sapientia,</span> <span class='ocrx_word' id='word_1_290' title='bbox 896 4209 986 4278; x_wconf 84' lang='lat' dir='ltr'>qtrae</span> <span class='ocrx_word' id='word_1_291' title='bbox 1009 4186 1165 4256; x_wconf 92' lang='lat' dir='ltr'>clamitat</span> <span class='ocrx_word' id='word_1_292' title='bbox 1188 4186 1226 4253; x_wconf 91' lang='lat' dir='ltr'>in</span> 
     </span>
     <span class='ocr_line' id='line_1_36' title="bbox 237 4284 1227 4378; baseline 0 -22"><span class='ocrx_word' id='word_1_293' title='bbox 237 4288 359 4356; x_wconf 84' lang='lat' dir='ltr'>arduis</span> <span class='ocrx_word' id='word_1_294' title='bbox 383 4286 468 4356; x_wconf 87' lang='lat' dir='ltr'>locis</span> <span class='ocrx_word' id='word_1_295' title='bbox 488 4287 644 4354; x_wconf 92' lang='lat' dir='ltr'>urbium.</span> <span class='ocrx_word' id='word_1_296' title='bbox 697 4284 770 4355; x_wconf 88' lang='lat' dir='ltr'>Alii</span> <span class='ocrx_word' id='word_1_297' title='bbox 790 4313 872 4354; x_wconf 84' lang='lat' dir='ltr'>vero</span> <span class='ocrx_word' id='word_1_298' title='bbox 890 4288 1167 4378; x_wconf 89' lang='lat' dir='ltr'>interpretantur</span> <span class='ocrx_word' id='word_1_299' title='bbox 1182 4290 1227 4357; x_wconf 89' lang='lat' dir='ltr'>de</span> 
     </span>
     <span class='ocr_line' id='line_1_37' title="bbox 237 4384 1226 4479; baseline 0.004 -23"><span class='ocrx_word' id='word_1_300' title='bbox 237 4387 312 4471; x_wconf 82' lang='lat' dir='ltr'>filio</span> <span class='ocrx_word' id='word_1_301' title='bbox 329 4384 416 4469; x_wconf 89' lang='lat' dir='ltr'>Dei,</span> <span class='ocrx_word' id='word_1_302' title='bbox 443 4388 526 4479; x_wconf 88' lang='lat' dir='ltr'>quia</span> <span class='ocrx_word' id='word_1_303' title='bbox 549 4388 601 4457; x_wconf 91' lang='lat' dir='ltr'>ibi</span> <span class='ocrx_word' id='word_1_304' title='bbox 624 4388 770 4457; x_wconf 87' lang='lat' dir='ltr'>dicitnr:</span> <span class='ocrx_word' id='word_1_305' title='bbox 797 4385 846 4458; x_wconf 87' lang='lat' dir='ltr'>Et</span> <span class='ocrx_word' id='word_1_306' title='bbox 865 4389 915 4456; x_wconf 85' lang='lat' dir='ltr'>fui</span> <span class='ocrx_word' id='word_1_307' title='bbox 937 4415 1016 4458; x_wconf 89' lang='lat' dir='ltr'>cum</span> <span class='ocrx_word' id='word_1_308' title='bbox 1032 4413 1073 4458; x_wconf 89' lang='lat' dir='ltr'>eo</span> <span class='ocrx_word' id='word_1_309' title='bbox 1089 4391 1226 4460; x_wconf 79' lang='lat' dir='ltr'>artilex.</span> 
     </span>
     <span class='ocr_line' id='line_1_38' title="bbox 237 4486 1228 4579; baseline 0.003 -21"><span class='ocrx_word' id='word_1_310' title='bbox 237 4486 469 4558; x_wconf 86' lang='lat' dir='ltr'>Manifestum</span> <span class='ocrx_word' id='word_1_311' title='bbox 497 4503 566 4573; x_wconf 83' lang='lat' dir='ltr'>eat,</span> <span class='ocrx_word' id='word_1_312' title='bbox 598 4514 679 4562; x_wconf 87' lang='lat' dir='ltr'>cum</span> <span class='ocrx_word' id='word_1_313' title='bbox 709 4492 753 4558; x_wconf 91' lang='lat' dir='ltr'>de</span> <span class='ocrx_word' id='word_1_314' title='bbox 779 4491 951 4579; x_wconf 86' lang='lat' dir='ltr'>sapientia</span> <span class='ocrx_word' id='word_1_315' title='bbox 972 4489 1039 4561; x_wconf 92' lang='lat' dir='ltr'>Dei</span> <span class='ocrx_word' id='word_1_316' title='bbox 1063 4493 1228 4562; x_wconf 87' lang='lat' dir='ltr'>creatrice</span> 
     </span>
     <span class='ocr_line' id='line_1_39' title="bbox 238 4591 1228 4683; baseline 0 -21"><span class='ocrx_word' id='word_1_317' title='bbox 238 4591 395 4670; x_wconf 90' lang='lat' dir='ltr'>dicatur,</span> <span class='ocrx_word' id='word_1_318' title='bbox 418 4615 492 4660; x_wconf 91' lang='lat' dir='ltr'>non</span> <span class='ocrx_word' id='word_1_319' title='bbox 506 4604 644 4660; x_wconf 87' lang='lat' dir='ltr'>tanturn</span> <span class='ocrx_word' id='word_1_320' title='bbox 658 4593 913 4683; x_wconf 88' lang='lat' dir='ltr'>promulgatam</span> <span class='ocrx_word' id='word_1_321' title='bbox 928 4618 1047 4663; x_wconf 89' lang='lat' dir='ltr'>vocem</span> <span class='ocrx_word' id='word_1_322' title='bbox 1065 4594 1228 4682; x_wconf 88' lang='lat' dir='ltr'>intelligi,</span> 
     </span>
     <span class='ocr_line' id='line_1_40' title="bbox 240 4690 1229 4788; baseline 0.004 -26"><span class='ocrx_word' id='word_1_323' title='bbox 240 4695 302 4762; x_wconf 86' lang='lat' dir='ltr'>sed</span> <span class='ocrx_word' id='word_1_324' title='bbox 329 4693 445 4783; x_wconf 92' lang='lat' dir='ltr'>ipsum</span> <span class='ocrx_word' id='word_1_325' title='bbox 469 4692 581 4762; x_wconf 88' lang='lat' dir='ltr'>lilium</span> <span class='ocrx_word' id='word_1_326' title='bbox 606 4690 692 4775; x_wconf 91' lang='lat' dir='ltr'>Dei,</span> <span class='ocrx_word' id='word_1_327' title='bbox 723 4695 785 4788; x_wconf 89' lang='lat' dir='ltr'>qui</span> <span class='ocrx_word' id='word_1_328' title='bbox 808 4695 889 4788; x_wconf 88' lang='lat' dir='ltr'>quia</span> <span class='ocrx_word' id='word_1_329' title='bbox 915 4696 1062 4786; x_wconf 90' lang='lat' dir='ltr'>protulit</span> <span class='ocrx_word' id='word_1_330' title='bbox 1082 4721 1124 4766; x_wconf 83' lang='lat' dir='ltr'>er</span> <span class='ocrx_word' id='word_1_331' title='bbox 1146 4695 1229 4766; x_wconf 90' lang='lat' dir='ltr'>sinu</span> 
     </span>
     <span class='ocr_line' id='line_1_41' title="bbox 241 4790 1229 4887; baseline 0.003 -24"><span class='ocrx_word' id='word_1_332' title='bbox 241 4795 377 4864; x_wconf 89' lang='lat' dir='ltr'>aeterni</span> <span class='ocrx_word' id='word_1_333' title='bbox 401 4795 510 4885; x_wconf 88' lang='lat' dir='ltr'>patris</span> <span class='ocrx_word' id='word_1_334' title='bbox 531 4817 653 4862; x_wconf 89' lang='lat' dir='ltr'>vocem</span> <span class='ocrx_word' id='word_1_335' title='bbox 672 4790 876 4886; x_wconf 78' lang='lat' dir='ltr'>Evangelii,</span> <span class='ocrx_word' id='word_1_336' title='bbox 902 4799 1122 4887; x_wconf 86' lang='lat' dir='ltr'>promulgata</span> <span class='ocrx_word' id='word_1_337' title='bbox 1144 4823 1229 4868; x_wconf 83' lang='lat' dir='ltr'>voce</span> 
     </span>
     <span class='ocr_line' id='line_1_42' title="bbox 241 4893 1230 4986; baseline 0.002 -20"><span class='ocrx_word' id='word_1_338' title='bbox 241 4893 435 4986; x_wconf 76' lang='lat' dir='ltr'>patefactus</span> <span class='ocrx_word' id='word_1_339' title='bbox 456 4909 524 4980; x_wconf 88' lang='lat' dir='ltr'>est,</span> <span class='ocrx_word' id='word_1_340' title='bbox 550 4910 585 4966; x_wconf 93' lang='lat' dir='ltr'>et</span> <span class='ocrx_word' id='word_1_341' title='bbox 604 4897 701 4966; x_wconf 88' lang='lat' dir='ltr'>adeat</span> <span class='ocrx_word' id='word_1_342' title='bbox 723 4897 922 4967; x_wconf 91' lang='lat' dir='ltr'>ministerio</span> <span class='ocrx_word' id='word_1_343' title='bbox 945 4899 1042 4967; x_wconf 88' lang='lat' dir='ltr'>vocis</span> <span class='ocrx_word' id='word_1_344' title='bbox 1056 4914 1230 4984; x_wconf 85' lang='lat' dir='ltr'>externae,</span> 
     </span>
     <span class='ocr_line' id='line_1_43' title="bbox 242 4995 1231 5094; baseline 0.001 -25"><span class='ocrx_word' id='word_1_345' title='bbox 242 5011 278 5069; x_wconf 83' lang='lat' dir='ltr'>ct</span> <span class='ocrx_word' id='word_1_346' title='bbox 298 5019 361 5086; x_wconf 92' lang='lat' dir='ltr'>per</span> <span class='ocrx_word' id='word_1_347' title='bbox 372 4998 418 5066; x_wconf 85' lang='lat' dir='ltr'>-id</span> <span class='ocrx_word' id='word_1_348' title='bbox 441 5009 493 5066; x_wconf 88' lang='lat' dir='ltr'>est</span> <span class='ocrx_word' id='word_1_349' title='bbox 508 4998 640 5068; x_wconf 81' lang='lat' dir='ltr'>efficax.</span> <span class='ocrx_word' id='word_1_350' title='bbox 691 4995 750 5068; x_wconf 89' lang='lat' dir='ltr'>Sic</span> <span class='ocrx_word' id='word_1_351' title='bbox 766 4999 837 5090; x_wconf 84' lang='lat' dir='ltr'>ipse</span> <span class='ocrx_word' id='word_1_352' title='bbox 853 5001 969 5094; x_wconf 88' lang='lat' dir='ltr'>inquit</span> <span class='ocrx_word' id='word_1_353' title='bbox 983 4999 1231 5087; x_wconf 84' lang='lat' dir='ltr'>interrogatus,</span> 
     </span>
     <span class='ocr_line' id='line_1_44' title="bbox 242 5093 1232 5194; baseline 0.004 -26"><span class='ocrx_word' id='word_1_354' title='bbox 242 5099 324 5192; x_wconf 86' lang='lat' dir='ltr'>quis</span> <span class='ocrx_word' id='word_1_355' title='bbox 346 5099 407 5170; x_wconf 89' lang='lat' dir='ltr'>sit:</span> <span class='ocrx_word' id='word_1_356' title='bbox 439 5093 509 5191; x_wconf 80' lang='grc' dir='ltr'>τὴν</span> <span class='ocrx_word' id='word_1_357' title='bbox 530 5094 651 5191; x_wconf 73' lang='grc' dir='ltr'><strong><em>ἀρχὴν</em></strong></span> <span class='ocrx_word' id='word_1_358' title='bbox 671 5095 728 5170; x_wconf 79' lang='grc' dir='ltr'>ὅτι</span> <span class='ocrx_word' id='word_1_359' title='bbox 750 5095 815 5172; x_wconf 80' lang='grc' dir='ltr'>καὶ</span> <span class='ocrx_word' id='word_1_360' title='bbox 836 5105 936 5172; x_wconf 76' lang='grc' dir='ltr'><em>λαλῶ</em></span> <span class='ocrx_word' id='word_1_361' title='bbox 958 5097 1063 5194; x_wconf 79' lang='grc' dir='ltr'><em>ὑμῖν.</em></span> <span class='ocrx_word' id='word_1_362' title='bbox 1121 5101 1232 5172; x_wconf 87' lang='lat' dir='ltr'>Pror-</span> 
     </span>
     <span class='ocr_line' id='line_1_45' title="bbox 243 5195 1231 5302; baseline 0.009 -34"><span class='ocrx_word' id='word_1_363' title='bbox 243 5222 303 5268; x_wconf 91' lang='lat' dir='ltr'>sus</span> <span class='ocrx_word' id='word_1_364' title='bbox 326 5195 392 5270; x_wconf 93' lang='lat' dir='ltr'>hoc</span> <span class='ocrx_word' id='word_1_365' title='bbox 410 5223 488 5268; x_wconf 86' lang='lat' dir='ltr'>sum</span> <span class='ocrx_word' id='word_1_366' title='bbox 512 5204 609 5293; x_wconf 90' lang='lat' dir='ltr'>quod</span> <span class='ocrx_word' id='word_1_367' title='bbox 631 5201 761 5293; x_wconf 91' lang='lat' dir='ltr'>loquor</span> <span class='ocrx_word' id='word_1_368' title='bbox 782 5203 903 5286; x_wconf 90' lang='lat' dir='ltr'>vohis,</span> <span class='ocrx_word' id='word_1_369' title='bbox 928 5205 1016 5274; x_wconf 75' lang='lat' dir='ltr'>sum&#39;</span> <span class='ocrx_word' id='word_1_370' title='bbox 1031 5199 1089 5273; x_wconf 88' lang='lat' dir='ltr'>bic</span> <span class='ocrx_word' id='word_1_371' title='bbox 1112 5198 1231 5302; x_wconf 77' lang='grc' dir='ltr'><strong><em>λόγος,</em></strong></span> 
     </span>
    </p>

    <p class='ocr_par' dir='ltr' id='par_1_11' title="bbox 242 5298 1235 5602">
     <span class='ocr_line' id='line_1_46' title="bbox 270 5298 1234 5398; baseline 0.004 -28"><span class='ocrx_word' id='word_1_372' title='bbox 270 5301 305 5370; x_wconf 91' lang='lat' dir='ltr'>ui</span> <span class='ocrx_word' id='word_1_373' title='bbox 327 5303 373 5372; x_wconf 89' lang='lat' dir='ltr'>ab</span> <span class='ocrx_word' id='word_1_374' title='bbox 396 5301 499 5372; x_wconf 90' lang='lat' dir='ltr'>initio</span> <span class='ocrx_word' id='word_1_375' title='bbox 521 5325 602 5372; x_wconf 90' lang='lat' dir='ltr'>cum</span> <span class='ocrx_word' id='word_1_376' title='bbox 623 5298 780 5374; x_wconf 86' lang='lat' dir='ltr'>Ecclesia</span> <span class='ocrx_word' id='word_1_377' title='bbox 801 5303 981 5398; x_wconf 86' lang='lat' dir='ltr'>loquitur,</span> <span class='ocrx_word' id='word_1_378' title='bbox 1006 5319 1040 5375; x_wconf 92' lang='lat' dir='ltr'>et</span> <span class='ocrx_word' id='word_1_379' title='bbox 1060 5329 1135 5374; x_wconf 92' lang='lat' dir='ltr'>eam</span> <span class='ocrx_word' id='word_1_380' title='bbox 1158 5307 1234 5376; x_wconf 90' lang='lat' dir='ltr'>col-</span> 
     </span>
     <span class='ocr_line' id='line_1_47' title="bbox 242 5325 1235 5494; baseline 0.003 -20"><span class='ocrx_word' id='word_1_381' title='bbox 242 5325 333 5490; x_wconf 76' lang='lat' dir='ltr'>hgit.</span> <span class='ocrx_word' id='word_1_382' title='bbox 385 5401 456 5472; x_wconf 87' lang='lat' dir='ltr'>Hic</span> <span class='ocrx_word' id='word_1_383' title='bbox 476 5404 626 5474; x_wconf 85' lang='lat' dir='ltr'>delectat</span> <span class='ocrx_word' id='word_1_384' title='bbox 648 5419 801 5494; x_wconf 86' lang='lat' dir='ltr'>patrem,</span> <span class='ocrx_word' id='word_1_385' title='bbox 824 5421 858 5476; x_wconf 87' lang='lat' dir='ltr'>et</span> <span class='ocrx_word' id='word_1_386' title='bbox 879 5406 973 5477; x_wconf 92' lang='lat' dir='ltr'>ludit</span> <span class='ocrx_word' id='word_1_387' title='bbox 994 5407 1033 5476; x_wconf 91' lang='lat' dir='ltr'>in</span> <span class='ocrx_word' id='word_1_388' title='bbox 1055 5409 1143 5477; x_wconf 90' lang='lat' dir='ltr'>orbe</span> <span class='ocrx_word' id='word_1_389' title='bbox 1161 5421 1235 5478; x_wconf 86' lang='lat' dir='ltr'>ter-</span> 
     </span>
     <span class='ocr_line' id='line_1_48' title="bbox 246 5501 1235 5602; baseline 0.004 -28"><span class='ocrx_word' id='word_1_390' title='bbox 246 5527 316 5582; x_wconf 87' lang='lat' dir='ltr'>rae.</span> <span class='ocrx_word' id='word_1_391' title='bbox 350 5501 440 5586; x_wconf 62' lang='lat' dir='ltr'>„Hie</span> <span class='ocrx_word' id='word_1_392' title='bbox 455 5504 549 5576; x_wconf 84' lang='lat' dir='ltr'>lilius</span> <span class='ocrx_word' id='word_1_393' title='bbox 562 5529 582 5575; x_wconf 93' lang='lat' dir='ltr'>a</span> <span class='ocrx_word' id='word_1_394' title='bbox 597 5517 697 5597; x_wconf 89' lang='lat' dir='ltr'>patre</span> <span class='ocrx_word' id='word_1_395' title='bbox 711 5507 890 5598; x_wconf 86' lang='lat' dir='ltr'>diligitur,</span> <span class='ocrx_word' id='word_1_396' title='bbox 915 5522 951 5579; x_wconf 87' lang='lat' dir='ltr'>et</span> <span class='ocrx_word' id='word_1_397' title='bbox 964 5523 1064 5602; x_wconf 87' lang='lat' dir='ltr'>pater</span> <span class='ocrx_word' id='word_1_398' title='bbox 1077 5509 1152 5580; x_wconf 86' lang='lat' dir='ltr'>eius</span> <span class='ocrx_word' id='word_1_399' title='bbox 1166 5510 1235 5578; x_wconf 88' lang='lat' dir='ltr'>mi-</span> 
     </span>
    </p>
   </div>
   <div class='ocr_carea' id='block_1_10' title="bbox 1269 1747 2272 3350">
    <p class='ocr_par' dir='ltr' id='par_1_12' title="bbox 1269 1747 2272 3156">
     <span class='ocr_line' id='line_1_49' title="bbox 1270 1747 2264 1841; baseline -0.006 -21"><span class='ocrx_word' id='word_1_400' title='bbox 1270 1765 1387 1820; x_wconf 85' lang='lat' dir='ltr'>autem</span> <span class='ocrx_word' id='word_1_401' title='bbox 1410 1774 1447 1819; x_wconf 92' lang='lat' dir='ltr'>se</span> <span class='ocrx_word' id='word_1_402' title='bbox 1470 1749 1691 1841; x_wconf 88' lang='lat' dir='ltr'>promulgata</span> <span class='ocrx_word' id='word_1_403' title='bbox 1715 1769 1817 1832; x_wconf 86' lang='lat' dir='ltr'>voce,</span> <span class='ocrx_word' id='word_1_404' title='bbox 1844 1757 1877 1816; x_wconf 89' lang='lat' dir='ltr'>et</span> <span class='ocrx_word' id='word_1_405' title='bbox 1900 1769 1964 1836; x_wconf 92' lang='lat' dir='ltr'>per</span> <span class='ocrx_word' id='word_1_406' title='bbox 1984 1767 2109 1814; x_wconf 88' lang='lat' dir='ltr'>vocem</span> <span class='ocrx_word' id='word_1_407' title='bbox 2124 1747 2264 1815; x_wconf 79' lang='lat' dir='ltr'>estets-</span> 
     </span>
     <span class='ocr_line' id='line_1_50' title="bbox 1270 1847 2259 1932; baseline -0.003 -11"><span class='ocrx_word' id='word_1_408' title='bbox 1270 1877 1351 1931; x_wconf 84' lang='lat' dir='ltr'>cax‚</span> <span class='ocrx_word' id='word_1_409' title='bbox 1377 1851 1532 1921; x_wconf 90' lang='lat' dir='ltr'>restituit</span> <span class='ocrx_word' id='word_1_410' title='bbox 1553 1850 1657 1918; x_wconf 89' lang='lat' dir='ltr'>nobis</span> <span class='ocrx_word' id='word_1_411' title='bbox 1672 1849 1799 1932; x_wconf 90' lang='lat' dir='ltr'>vitam,</span> <span class='ocrx_word' id='word_1_412' title='bbox 1824 1863 1858 1917; x_wconf 90' lang='lat' dir='ltr'>et</span> <span class='ocrx_word' id='word_1_413' title='bbox 1872 1847 2104 1917; x_wconf 87' lang='lat' dir='ltr'>transformat</span> <span class='ocrx_word' id='word_1_414' title='bbox 2118 1871 2205 1932; x_wconf 87' lang='lat' dir='ltr'>nos,</span> <span class='ocrx_word' id='word_1_415' title='bbox 2226 1861 2259 1918; x_wconf 86' lang='lat' dir='ltr'>ut</span> 
     </span>
     <span class='ocr_line' id='line_1_51' title="bbox 1269 1947 2254 2046; baseline -0.009 -22"><span class='ocrx_word' id='word_1_416' title='bbox 1269 1951 1402 2024; x_wconf 84' lang='lat' dir='ltr'>Paulus</span> <span class='ocrx_word' id='word_1_417' title='bbox 1417 1953 1551 2046; x_wconf 85' lang='lat' dir='ltr'>inquit:</span> <span class='ocrx_word' id='word_1_418' title='bbox 1579 1949 1894 2020; x_wconf 79' lang='lat' dir='ltr'>&#39;l&#39;ransl&#39;ormamur</span> <span class='ocrx_word' id='word_1_419' title='bbox 1907 1951 1952 2017; x_wconf 92' lang='lat' dir='ltr'>ad</span> <span class='ocrx_word' id='word_1_420' title='bbox 1970 1951 2125 2017; x_wconf 88' lang='lat' dir='ltr'>eandem</span> <span class='ocrx_word' id='word_1_421' title='bbox 2145 1947 2254 2036; x_wconf 85' lang='lat' dir='ltr'>imagi·</span> 
     </span>
     <span class='ocr_line' id='line_1_52' title="bbox 1271 2043 2262 2150; baseline -0.004 -26"><span class='ocrx_word' id='word_1_422' title='bbox 1271 2079 1371 2142; x_wconf 90' lang='lat' dir='ltr'>nem,</span> <span class='ocrx_word' id='word_1_423' title='bbox 1393 2061 1436 2126; x_wconf 70' lang='lat' dir='ltr'>‘ut</span> <span class='ocrx_word' id='word_1_424' title='bbox 1457 2067 1578 2125; x_wconf 84' lang='lat' dir='ltr'>nostra</span> <span class='ocrx_word' id='word_1_425' title='bbox 1595 2053 1657 2122; x_wconf 85' lang='lat' dir='ltr'>lux</span> <span class='ocrx_word' id='word_1_426' title='bbox 1673 2052 1718 2122; x_wconf 90' lang='lat' dir='ltr'>sit</span> <span class='ocrx_word' id='word_1_427' title='bbox 1735 2051 1861 2120; x_wconf 85' lang='lat' dir='ltr'>similis</span> <span class='ocrx_word' id='word_1_428' title='bbox 1876 2043 1987 2150; x_wconf 74' lang='grc' dir='ltr'><em>λόγῳ.</em></span> <span class='ocrx_word' id='word_1_429' title='bbox 2037 2047 2136 2120; x_wconf 90' lang='lat' dir='ltr'>Cum</span> <span class='ocrx_word' id='word_1_430' title='bbox 2155 2063 2262 2120; x_wconf 89' lang='lat' dir='ltr'>tantae</span> 
     </span>
     <span class='ocr_line' id='line_1_53' title="bbox 1272 2148 2265 2243; baseline -0.006 -17"><span class='ocrx_word' id='word_1_431' title='bbox 1272 2181 1328 2226; x_wconf 90' lang='lat' dir='ltr'>res</span> <span class='ocrx_word' id='word_1_432' title='bbox 1364 2157 1402 2226; x_wconf 92' lang='lat' dir='ltr'>in</span> <span class='ocrx_word' id='word_1_433' title='bbox 1434 2152 1491 2225; x_wconf 91' lang='lat' dir='ltr'>his</span> <span class='ocrx_word' id='word_1_434' title='bbox 1523 2153 1643 2225; x_wconf 89' lang='lat' dir='ltr'>verbis</span> <span class='ocrx_word' id='word_1_435' title='bbox 1670 2151 1874 2224; x_wconf 90' lang='lat' dir='ltr'>Salomonis</span> <span class='ocrx_word' id='word_1_436' title='bbox 1905 2148 2265 2243; x_wconf 84' lang='lat' dir='ltr'>comprehendantur,</span> 
     </span>
     <span class='ocr_line' id='line_1_54' title="bbox 1273 2253 2266 2345; baseline -0.004 -19"><span class='ocrx_word' id='word_1_437' title='bbox 1273 2254 1399 2328; x_wconf 91' lang='lat' dir='ltr'>hortor</span> <span class='ocrx_word' id='word_1_438' title='bbox 1427 2255 1625 2339; x_wconf 89' lang='lat' dir='ltr'>studiosos,</span> <span class='ocrx_word' id='word_1_439' title='bbox 1658 2268 1699 2323; x_wconf 91' lang='lat' dir='ltr'>ut</span> <span class='ocrx_word' id='word_1_440' title='bbox 1726 2277 1765 2323; x_wconf 92' lang='lat' dir='ltr'>ea</span> <span class='ocrx_word' id='word_1_441' title='bbox 1796 2253 1853 2345; x_wconf 92' lang='lat' dir='ltr'>pie</span> <span class='ocrx_word' id='word_1_442' title='bbox 1875 2253 2124 2338; x_wconf 87' lang='lat' dir='ltr'>considerent,</span> <span class='ocrx_word' id='word_1_443' title='bbox 2161 2267 2196 2324; x_wconf 89' lang='lat' dir='ltr'>et</span> <span class='ocrx_word' id='word_1_444' title='bbox 2215 2253 2266 2322; x_wconf 91' lang='lat' dir='ltr'>di-</span> 
     </span>
     <span class='ocr_line' id='line_1_55' title="bbox 1273 2353 2267 2444; baseline -0.004 -16"><span class='ocrx_word' id='word_1_445' title='bbox 1273 2374 1389 2444; x_wconf 89' lang='lat' dir='ltr'>scant,</span> <span class='ocrx_word' id='word_1_446' title='bbox 1414 2354 1473 2428; x_wconf 91' lang='lat' dir='ltr'>hic</span> <span class='ocrx_word' id='word_1_447' title='bbox 1489 2357 1595 2427; x_wconf 89' lang='lat' dir='ltr'>simul</span> <span class='ocrx_word' id='word_1_448' title='bbox 1612 2357 1751 2426; x_wconf 92' lang='lat' dir='ltr'>ostendi</span> <span class='ocrx_word' id='word_1_449' title='bbox 1767 2366 1801 2425; x_wconf 88' lang='lat' dir='ltr'>et</span> <span class='ocrx_word' id='word_1_450' title='bbox 1816 2355 2016 2424; x_wconf 86' lang='lat' dir='ltr'>doctrinam</span> <span class='ocrx_word' id='word_1_451' title='bbox 2033 2357 2081 2424; x_wconf 87' lang='lat' dir='ltr'>de</span> <span class='ocrx_word' id='word_1_452' title='bbox 2098 2356 2177 2424; x_wconf 89' lang='lat' dir='ltr'>lilio</span> <span class='ocrx_word' id='word_1_453' title='bbox 2192 2353 2267 2442; x_wconf 87' lang='lat' dir='ltr'>Dei,</span> 
     </span>
     <span class='ocr_line' id='line_1_56' title="bbox 1274 2451 2266 2532; baseline -0.001 -3"><span class='ocrx_word' id='word_1_454' title='bbox 1274 2475 1308 2532; x_wconf 88' lang='lat' dir='ltr'>et</span> <span class='ocrx_word' id='word_1_455' title='bbox 1322 2460 1564 2530; x_wconf 89' lang='lat' dir='ltr'>commendari</span> <span class='ocrx_word' id='word_1_456' title='bbox 1578 2457 1934 2528; x_wconf 88' lang='lat' dir='ltr'>nobisMinisterium</span> <span class='ocrx_word' id='word_1_457' title='bbox 1950 2451 2015 2526; x_wconf 90' lang='lat' dir='ltr'>hac</span> <span class='ocrx_word' id='word_1_458' title='bbox 2027 2479 2173 2526; x_wconf 88' lang='lat' dir='ltr'>summa</span> <span class='ocrx_word' id='word_1_459' title='bbox 2188 2481 2266 2528; x_wconf 88' lang='lat' dir='ltr'>cau-</span> 
     </span>
     <span class='ocr_line' id='line_1_57' title="bbox 1273 2554 2262 2656; baseline -0.006 -24"><span class='ocrx_word' id='word_1_460' title='bbox 1273 2587 1329 2648; x_wconf 90' lang='lat' dir='ltr'>sa,</span> <span class='ocrx_word' id='word_1_461' title='bbox 1355 2566 1449 2656; x_wconf 90' lang='lat' dir='ltr'>qnod</span> <span class='ocrx_word' id='word_1_462' title='bbox 1473 2563 1547 2652; x_wconf 88' lang='lat' dir='ltr'>ipse</span> <span class='ocrx_word' id='word_1_463' title='bbox 1563 2559 1675 2630; x_wconf 81' lang='lat' dir='ltr'>Filius</span> <span class='ocrx_word' id='word_1_464' title='bbox 1699 2559 1766 2630; x_wconf 92' lang='lat' dir='ltr'>Dei</span> <span class='ocrx_word' id='word_1_465' title='bbox 1787 2559 1878 2627; x_wconf 90' lang='lat' dir='ltr'>adsit</span> <span class='ocrx_word' id='word_1_466' title='bbox 1900 2559 1979 2627; x_wconf 88' lang='lat' dir='ltr'>voci</span> <span class='ocrx_word' id='word_1_467' title='bbox 1997 2554 2203 2646; x_wconf 86' lang='lat' dir='ltr'>Evangelii,</span> <span class='ocrx_word' id='word_1_468' title='bbox 2229 2572 2262 2626; x_wconf 90' lang='lat' dir='ltr'>et</span> 
     </span>
     <span class='ocr_line' id='line_1_58' title="bbox 1274 2655 2264 2756; baseline -0.005 -23"><span class='ocrx_word' id='word_1_469' title='bbox 1274 2667 1319 2735; x_wconf 87' lang='lat' dir='ltr'>ait</span> <span class='ocrx_word' id='word_1_470' title='bbox 1335 2689 1397 2756; x_wconf 88' lang='lat' dir='ltr'>per</span> <span class='ocrx_word' id='word_1_471' title='bbox 1414 2689 1489 2732; x_wconf 91' lang='lat' dir='ltr'>eam</span> <span class='ocrx_word' id='word_1_472' title='bbox 1504 2664 1635 2731; x_wconf 85' lang='lat' dir='ltr'>ellicax.</span> <span class='ocrx_word' id='word_1_473' title='bbox 1686 2655 1764 2730; x_wconf 91' lang='lat' dir='ltr'>Oro</span> <span class='ocrx_word' id='word_1_474' title='bbox 1778 2675 1895 2730; x_wconf 88' lang='lat' dir='ltr'>autem</span> <span class='ocrx_word' id='word_1_475' title='bbox 1911 2659 2028 2750; x_wconf 91' lang='lat' dir='ltr'>ipsum</span> <span class='ocrx_word' id='word_1_476' title='bbox 2045 2657 2264 2744; x_wconf 81' lang='lat' dir='ltr'>FiliumDei,</span> 
     </span>
     <span class='ocr_line' id='line_1_59' title="bbox 1274 2757 2271 2844; baseline -0.005 -8"><span class='ocrx_word' id='word_1_477' title='bbox 1274 2765 1470 2836; x_wconf 90' lang='lat' dir='ltr'>Dominum</span> <span class='ocrx_word' id='word_1_478' title='bbox 1494 2779 1654 2835; x_wconf 89' lang='lat' dir='ltr'>nostrum</span> <span class='ocrx_word' id='word_1_479' title='bbox 1671 2760 1784 2832; x_wconf 87' lang='lat' dir='ltr'>lesum</span> <span class='ocrx_word' id='word_1_480' title='bbox 1800 2757 2002 2844; x_wconf 85' lang='lat' dir='ltr'>Christum,</span> <span class='ocrx_word' id='word_1_481' title='bbox 2029 2774 2165 2830; x_wconf 91' lang='lat' dir='ltr'>utnon</span> <span class='ocrx_word' id='word_1_482' title='bbox 2183 2763 2271 2832; x_wconf 86' lang='lat' dir='ltr'>sinat</span> 
     </span>
     <span class='ocr_line' id='line_1_60' title="bbox 1275 2859 2270 2953; baseline -0.006 -17"><span class='ocrx_word' id='word_1_483' title='bbox 1275 2869 1384 2937; x_wconf 89' lang='lat' dir='ltr'>deleri</span> <span class='ocrx_word' id='word_1_484' title='bbox 1415 2867 1653 2935; x_wconf 90' lang='lat' dir='ltr'>ministerium</span> <span class='ocrx_word' id='word_1_485' title='bbox 1676 2859 1881 2950; x_wconf 81' lang='lat' dir='ltr'>Evangelii,</span> <span class='ocrx_word' id='word_1_486' title='bbox 1915 2864 1974 2932; x_wconf 89' lang='lat' dir='ltr'>sed</span> <span class='ocrx_word' id='word_1_487' title='bbox 2000 2883 2146 2953; x_wconf 89' lang='lat' dir='ltr'>semper</span> <span class='ocrx_word' id='word_1_488' title='bbox 2169 2865 2270 2933; x_wconf 88' lang='lat' dir='ltr'>etiarn</span> 
     </span>
     <span class='ocr_line' id='line_1_61' title="bbox 1277 2962 2272 3056; baseline -0.003 -18"><span class='ocrx_word' id='word_1_489' title='bbox 1277 2972 1313 3038; x_wconf 89' lang='lat' dir='ltr'>in</span> <span class='ocrx_word' id='word_1_490' title='bbox 1336 2965 1393 3038; x_wconf 91' lang='lat' dir='ltr'>his</span> <span class='ocrx_word' id='word_1_491' title='bbox 1416 2969 1621 3056; x_wconf 87' lang='lat' dir='ltr'>regionibus</span> <span class='ocrx_word' id='word_1_492' title='bbox 1642 2979 1677 3036; x_wconf 91' lang='lat' dir='ltr'>et</span> <span class='ocrx_word' id='word_1_493' title='bbox 1697 2966 1824 3034; x_wconf 86' lang='lat' dir='ltr'>vicinis</span> <span class='ocrx_word' id='word_1_494' title='bbox 1845 2965 1987 3054; x_wconf 87' lang='lat' dir='ltr'>colligat</span> <span class='ocrx_word' id='word_1_495' title='bbox 2001 2978 2190 3034; x_wconf 88' lang='lat' dir='ltr'>aeternam</span> <span class='ocrx_word' id='word_1_496' title='bbox 2205 2962 2272 3035; x_wconf 80' lang='lat' dir='ltr'>Ee-</span> 
     </span>
     <span class='ocr_line' id='line_1_62' title="bbox 1275 3071 1997 3156; baseline -0.006 -16"><span class='ocrx_word' id='word_1_497' title='bbox 1275 3073 1439 3156; x_wconf 85' lang='lat' dir='ltr'>clesiam,</span> <span class='ocrx_word' id='word_1_498' title='bbox 1465 3085 1499 3142; x_wconf 91' lang='lat' dir='ltr'>et</span> <span class='ocrx_word' id='word_1_499' title='bbox 1516 3071 1687 3156; x_wconf 84' lang='lat' dir='ltr'>gubernet</span> <span class='ocrx_word' id='word_1_500' title='bbox 1703 3081 1837 3136; x_wconf 90' lang='lat' dir='ltr'>mentes</span> <span class='ocrx_word' id='word_1_501' title='bbox 1851 3079 1997 3136; x_wconf 89' lang='lat' dir='ltr'>nostras.</span> 
     </span>
    </p>

    <p class='ocr_par' dir='ltr' id='par_1_13' title="bbox 1276 3163 2272 3350">
     <span class='ocr_line' id='line_1_63' title="bbox 1376 3163 2272 3262; baseline -0.006 -21"><span class='ocrx_word' id='word_1_502' title='bbox 1376 3171 1471 3241; x_wconf 88' lang='lat' dir='ltr'>Toto</span> <span class='ocrx_word' id='word_1_503' title='bbox 1494 3171 1599 3241; x_wconf 89' lang='lat' dir='ltr'>etiarn</span> <span class='ocrx_word' id='word_1_504' title='bbox 1623 3183 1763 3262; x_wconf 89' lang='lat' dir='ltr'>pectore</span> <span class='ocrx_word' id='word_1_505' title='bbox 1786 3169 1916 3257; x_wconf 87' lang='lat' dir='ltr'>gratias</span> <span class='ocrx_word' id='word_1_506' title='bbox 1933 3191 1998 3258; x_wconf 92' lang='lat' dir='ltr'>ago</span> <span class='ocrx_word' id='word_1_507' title='bbox 2016 3163 2096 3236; x_wconf 84' lang='lat' dir='ltr'>Deo</span> <span class='ocrx_word' id='word_1_508' title='bbox 2116 3183 2272 3248; x_wconf 83' lang='lat' dir='ltr'>aeterno,</span> 
     </span>
     <span class='ocr_line' id='line_1_64' title="bbox 1276 3265 2272 3350; baseline -0.005 -5"><span class='ocrx_word' id='word_1_509' title='bbox 1276 3273 1372 3345; x_wconf 85' lang='lat' dir='ltr'>Patri</span> <span class='ocrx_word' id='word_1_510' title='bbox 1396 3272 1542 3343; x_wconf 90' lang='lat' dir='ltr'>Domini</span> <span class='ocrx_word' id='word_1_511' title='bbox 1564 3272 1677 3340; x_wconf 92' lang='lat' dir='ltr'>nostri</span> <span class='ocrx_word' id='word_1_512' title='bbox 1699 3269 1777 3339; x_wconf 88' lang='lat' dir='ltr'>lesu</span> <span class='ocrx_word' id='word_1_513' title='bbox 1794 3265 1966 3350; x_wconf 60' lang='lat' dir='ltr'>Christfl</span> <span class='ocrx_word' id='word_1_514' title='bbox 1974 3270 2159 3341; x_wconf 89' lang='lat' dir='ltr'>conditori</span> <span class='ocrx_word' id='word_1_515' title='bbox 2186 3271 2272 3341; x_wconf 88' lang='lat' dir='ltr'>coeli</span> 
     </span>
    </p>
   </div>
   <div class='ocr_carea' id='block_1_11' title="bbox 1267 3367 2270 3470">
    <p class='ocr_par' dir='ltr' id='par_1_14' title="bbox 1267 3367 2270 3470">
     <span class='ocr_line' id='line_1_65' title="bbox 1267 3367 2270 3470; baseline -0.002 -26"><span class='ocrx_word' id='word_1_516' title='bbox 1267 3387 1311 3445; x_wconf 79' lang='lat' dir='ltr'>³et</span> <span class='ocrx_word' id='word_1_517' title='bbox 1339 3391 1470 3470; x_wconf 83' lang='lat' dir='ltr'>terrae,</span> <span class='ocrx_word' id='word_1_518' title='bbox 1503 3369 1688 3443; x_wconf 90' lang='lat' dir='ltr'>hominum</span> <span class='ocrx_word' id='word_1_519' title='bbox 1711 3386 1749 3442; x_wconf 82' lang='lat' dir='ltr'>et²</span> <span class='ocrx_word' id='word_1_520' title='bbox 1767 3367 1959 3456; x_wconf 82' lang='lat' dir='ltr'>Ecclesiae,</span> <span class='ocrx_word' id='word_1_521' title='bbox 1989 3393 2063 3441; x_wconf 91' lang='lat' dir='ltr'>una</span> <span class='ocrx_word' id='word_1_522' title='bbox 2087 3393 2175 3442; x_wconf 90' lang='lat' dir='ltr'>cum</span> <span class='ocrx_word' id='word_1_523' title='bbox 2199 3375 2270 3442; x_wconf 90' lang='lat' dir='ltr'>tilio</span> 
     </span>
    </p>
   </div>
   <div class='ocr_carea' id='block_1_12' title="bbox 1276 3468 2276 4466">
    <p class='ocr_par' dir='ltr' id='par_1_15' title="bbox 1276 3468 2276 4466">
     <span class='ocr_line' id='line_1_66' title="bbox 1276 3468 2270 3564; baseline -0.002 -18"><span class='ocrx_word' id='word_1_524' title='bbox 1276 3499 1359 3563; x_wconf 88' lang='lat' dir='ltr'>suo,</span> <span class='ocrx_word' id='word_1_525' title='bbox 1384 3475 1539 3546; x_wconf 89' lang='lat' dir='ltr'>Domino</span> <span class='ocrx_word' id='word_1_526' title='bbox 1561 3487 1683 3544; x_wconf 89' lang='lat' dir='ltr'>nostro</span> <span class='ocrx_word' id='word_1_527' title='bbox 1710 3471 1787 3542; x_wconf 89' lang='lat' dir='ltr'>lesu</span> <span class='ocrx_word' id='word_1_528' title='bbox 1802 3468 1963 3557; x_wconf 79' lang='lat' dir='ltr'>Christo,</span> <span class='ocrx_word' id='word_1_529' title='bbox 1991 3487 2025 3543; x_wconf 90' lang='lat' dir='ltr'>et</span> <span class='ocrx_word' id='word_1_530' title='bbox 2039 3471 2186 3564; x_wconf 91' lang='lat' dir='ltr'>Spiritu</span> <span class='ocrx_word' id='word_1_531' title='bbox 2209 3499 2270 3545; x_wconf 90' lang='lat' dir='ltr'>suo</span> 
     </span>
     <span class='ocr_line' id='line_1_67' title="bbox 1277 3567 2270 3672; baseline -0.002 -24"><span class='ocrx_word' id='word_1_532' title='bbox 1277 3593 1415 3663; x_wconf 88' lang='lat' dir='ltr'>sancto,</span> <span class='ocrx_word' id='word_1_533' title='bbox 1447 3579 1541 3672; x_wconf 83' lang='lat' dir='ltr'>quod</span> <span class='ocrx_word' id='word_1_534' title='bbox 1564 3578 1757 3646; x_wconf 85' lang='lat' dir='ltr'>clementer</span> <span class='ocrx_word' id='word_1_535' title='bbox 1776 3567 1970 3644; x_wconf 84' lang='lat' dir='ltr'>Ecclesiam</span> <span class='ocrx_word' id='word_1_536' title='bbox 1993 3574 2064 3644; x_wconf 85' lang='lat' dir='ltr'>sibi</span> <span class='ocrx_word' id='word_1_537' title='bbox 2087 3575 2270 3646; x_wconf 88' lang='lat' dir='ltr'>internos</span> 
     </span>
     <span class='ocr_line' id='line_1_68' title="bbox 1277 3674 2268 3770; baseline -0.007 -18"><span class='ocrx_word' id='word_1_538' title='bbox 1277 3683 1427 3770; x_wconf 88' lang='lat' dir='ltr'>colligit,</span> <span class='ocrx_word' id='word_1_539' title='bbox 1452 3674 1591 3750; x_wconf 92' lang='lat' dir='ltr'>etmihi</span> <span class='ocrx_word' id='word_1_540' title='bbox 1609 3699 1688 3747; x_wconf 91' lang='lat' dir='ltr'>cum</span> <span class='ocrx_word' id='word_1_541' title='bbox 1705 3677 1772 3745; x_wconf 88' lang='lat' dir='ltr'>alia</span> <span class='ocrx_word' id='word_1_542' title='bbox 1787 3677 1898 3746; x_wconf 88' lang='lat' dir='ltr'>multa</span> <span class='ocrx_word' id='word_1_543' title='bbox 1916 3677 2009 3746; x_wconf 89' lang='lat' dir='ltr'>bona</span> <span class='ocrx_word' id='word_1_544' title='bbox 2025 3677 2173 3758; x_wconf 92' lang='lat' dir='ltr'>tribuit,</span> <span class='ocrx_word' id='word_1_545' title='bbox 2192 3691 2268 3747; x_wconf 91' lang='lat' dir='ltr'>tom</span> 
     </span>
     <span class='ocr_line' id='line_1_69' title="bbox 1278 3777 2273 3868; baseline -0.005 -15"><span class='ocrx_word' id='word_1_546' title='bbox 1278 3809 1361 3853; x_wconf 89' lang='lat' dir='ltr'>vero</span> <span class='ocrx_word' id='word_1_547' title='bbox 1383 3783 1487 3852; x_wconf 88' lang='lat' dir='ltr'>etiarn</span> <span class='ocrx_word' id='word_1_548' title='bbox 1503 3777 1689 3868; x_wconf 87' lang='lat' dir='ltr'>Evangelii</span> <span class='ocrx_word' id='word_1_549' title='bbox 1711 3778 1970 3866; x_wconf 86' lang='lat' dir='ltr'>cognitionem,</span> <span class='ocrx_word' id='word_1_550' title='bbox 1993 3791 2028 3847; x_wconf 90' lang='lat' dir='ltr'>et</span> <span class='ocrx_word' id='word_1_551' title='bbox 2049 3801 2109 3848; x_wconf 89' lang='lat' dir='ltr'>me</span> <span class='ocrx_word' id='word_1_552' title='bbox 2133 3783 2179 3848; x_wconf 93' lang='lat' dir='ltr'>ad</span> <span class='ocrx_word' id='word_1_553' title='bbox 2203 3779 2273 3848; x_wconf 91' lang='lat' dir='ltr'>mi-</span> 
     </span>
     <span class='ocr_line' id='line_1_70' title="bbox 1278 3880 2275 3970; baseline -0.004 -17"><span class='ocrx_word' id='word_1_554' title='bbox 1278 3885 1415 3953; x_wconf 89' lang='lat' dir='ltr'>nisterii</span> <span class='ocrx_word' id='word_1_555' title='bbox 1441 3880 1644 3970; x_wconf 84' lang='lat' dir='ltr'>Evangelici</span> <span class='ocrx_word' id='word_1_556' title='bbox 1674 3881 1874 3950; x_wconf 89' lang='lat' dir='ltr'>societatem</span> <span class='ocrx_word' id='word_1_557' title='bbox 1901 3881 2062 3964; x_wconf 89' lang='lat' dir='ltr'>vocavit,</span> <span class='ocrx_word' id='word_1_558' title='bbox 2097 3896 2133 3952; x_wconf 90' lang='lat' dir='ltr'>et</span> <span class='ocrx_word' id='word_1_559' title='bbox 2157 3883 2275 3951; x_wconf 87' lang='lat' dir='ltr'>studia</span> 
     </span>
     <span class='ocr_line' id='line_1_71' title="bbox 1280 3981 2275 4073; baseline -0.002 -19"><span class='ocrx_word' id='word_1_560' title='bbox 1280 4009 1354 4056; x_wconf 87' lang='lat' dir='ltr'>mea</span> <span class='ocrx_word' id='word_1_561' title='bbox 1377 3985 1532 4068; x_wconf 90' lang='lat' dir='ltr'>adiuvit,</span> <span class='ocrx_word' id='word_1_562' title='bbox 1565 3998 1598 4052; x_wconf 93' lang='lat' dir='ltr'>et</span> <span class='ocrx_word' id='word_1_563' title='bbox 1622 4007 1686 4052; x_wconf 91' lang='lat' dir='ltr'>oro</span> <span class='ocrx_word' id='word_1_564' title='bbox 1709 4005 1790 4052; x_wconf 91' lang='lat' dir='ltr'>eum</span> <span class='ocrx_word' id='word_1_565' title='bbox 1815 3993 1960 4073; x_wconf 85' lang='lat' dir='ltr'>propter</span> <span class='ocrx_word' id='word_1_566' title='bbox 1979 3981 2113 4068; x_wconf 88' lang='lat' dir='ltr'>lilium,</span> <span class='ocrx_word' id='word_1_567' title='bbox 2146 3983 2275 4056; x_wconf 92' lang='lat' dir='ltr'>Domi-</span> 
     </span>
     <span class='ocr_line' id='line_1_72' title="bbox 1279 4079 2274 4176; baseline -0.004 -18"><span class='ocrx_word' id='word_1_568' title='bbox 1279 4113 1366 4158; x_wconf 89' lang='lat' dir='ltr'>num</span> <span class='ocrx_word' id='word_1_569' title='bbox 1389 4101 1549 4156; x_wconf 84' lang='lat' dir='ltr'>nostrum</span> <span class='ocrx_word' id='word_1_570' title='bbox 1572 4083 1686 4153; x_wconf 89' lang='lat' dir='ltr'>lesum</span> <span class='ocrx_word' id='word_1_571' title='bbox 1702 4079 1904 4168; x_wconf 86' lang='lat' dir='ltr'>Christum,</span> <span class='ocrx_word' id='word_1_572' title='bbox 1929 4097 1969 4152; x_wconf 93' lang='lat' dir='ltr'>ut</span> <span class='ocrx_word' id='word_1_573' title='bbox 1993 4084 2191 4155; x_wconf 78' lang='lat' dir='ltr'>clementer</span> <span class='ocrx_word' id='word_1_574' title='bbox 2213 4109 2274 4176; x_wconf 90' lang='lat' dir='ltr'>gu-</span> 
     </span>
     <span class='ocr_line' id='line_1_73' title="bbox 1280 4185 2276 4265; baseline -0.001 -6"><span class='ocrx_word' id='word_1_575' title='bbox 1280 4193 1404 4260; x_wconf 88' lang='lat' dir='ltr'>bernet</span> <span class='ocrx_word' id='word_1_576' title='bbox 1428 4201 1541 4257; x_wconf 91' lang='lat' dir='ltr'>totum</span> <span class='ocrx_word' id='word_1_577' title='bbox 1559 4209 1700 4255; x_wconf 89' lang='lat' dir='ltr'>cursum</span> <span class='ocrx_word' id='word_1_578' title='bbox 1715 4185 1809 4254; x_wconf 83' lang='lat' dir='ltr'>vitae</span> <span class='ocrx_word' id='word_1_579' title='bbox 1825 4207 1942 4265; x_wconf 89' lang='lat' dir='ltr'>meae,</span> <span class='ocrx_word' id='word_1_580' title='bbox 1967 4199 2002 4256; x_wconf 92' lang='lat' dir='ltr'>et</span> <span class='ocrx_word' id='word_1_581' title='bbox 2018 4209 2074 4253; x_wconf 92' lang='lat' dir='ltr'>me</span> <span class='ocrx_word' id='word_1_582' title='bbox 2091 4187 2201 4258; x_wconf 80' lang='lat' dir='ltr'>faciat</span> <span class='ocrx_word' id='word_1_583' title='bbox 2217 4213 2276 4258; x_wconf 92' lang='lat' dir='ltr'>or·</span> 
     </span>
     <span class='ocr_line' id='line_1_74' title="bbox 1279 4284 2274 4382; baseline 0.004 -22"><span class='ocrx_word' id='word_1_584' title='bbox 1279 4315 1409 4382; x_wconf 88' lang='lat' dir='ltr'>ganum</span> <span class='ocrx_word' id='word_1_585' title='bbox 1423 4291 1576 4360; x_wconf 86' lang='lat' dir='ltr'>salutare</span> <span class='ocrx_word' id='word_1_586' title='bbox 1589 4284 1786 4371; x_wconf 88' lang='lat' dir='ltr'>Ecclesiae,</span> <span class='ocrx_word' id='word_1_587' title='bbox 1810 4287 1951 4356; x_wconf 88' lang='lat' dir='ltr'>animae</span> <span class='ocrx_word' id='word_1_588' title='bbox 1966 4309 2066 4357; x_wconf 86' lang='lat' dir='ltr'>meae</span> <span class='ocrx_word' id='word_1_589' title='bbox 2079 4302 2115 4358; x_wconf 90' lang='lat' dir='ltr'>et</span> <span class='ocrx_word' id='word_1_590' title='bbox 2128 4291 2274 4381; x_wconf 81' lang='lat' dir='ltr'>patriae.</span> 
     </span>
     <span class='ocr_line' id='line_1_75' title="bbox 1280 4393 1375 4466; baseline 0 0"><span class='ocrx_word' id='word_1_591' title='bbox 1280 4393 1375 4466; x_wconf 77' lang='lat' dir='ltr'>Dixi.</span> 
     </span>
    </p>
   </div>
   <div class='ocr_carea' id='block_1_13' title="bbox 2046 4663 2276 4728">
    <p class='ocr_par' dir='ltr' id='par_1_16' title="bbox 2046 4663 2276 4728">
     <span class='ocr_line' id='line_1_76' title="bbox 2046 4663 2276 4728; baseline 0.009 -2"><span class='ocrx_word' id='word_1_592' title='bbox 2046 4663 2167 4728; x_wconf 85' lang='lat' dir='ltr'>l.lllaii</span> <span class='ocrx_word' id='word_1_593' title='bbox 2183 4663 2276 4728; x_wconf 72' lang='grc'>1565.</span> 
     </span>
    </p>
   </div>
   <div class='ocr_carea' id='block_1_14' title="bbox 2056 4753 2272 4792">
    <p class='ocr_par' dir='ltr' id='par_1_17' title="bbox 2056 4753 2272 4792">
     <span class='ocr_line' id='line_1_77' title="bbox 2056 4753 2272 4792; baseline 0.009 -8"><span class='ocrx_word' id='word_1_594' title='bbox 2056 4753 2272 4792; x_wconf 53' lang='lat' dir='ltr'>sm</span> 
     </span>
    </p>
   </div>
   <div class='ocr_carea' id='block_1_15' title="bbox 1350 4785 2278 4982">
    <p class='ocr_par' dir='ltr' id='par_1_18' title="bbox 1350 4785 2278 4982">
     <span class='ocr_line' id='line_1_78' title="bbox 1350 4785 2278 4908; baseline -0.004 -15"><span class='ocrx_word' id='word_1_595' title='bbox 1350 4837 1382 4896; x_wconf 90' lang='lat' dir='ltr'>ln</span> <span class='ocrx_word' id='word_1_596' title='bbox 1398 4836 1529 4894; x_wconf 85' lang='lat' dir='ltr'>Melantb.</span> <span class='ocrx_word' id='word_1_597' title='bbox 1543 4835 1724 4892; x_wconf 81' lang='lat' dir='ltr'>Orationibus</span> <span class='ocrx_word' id='word_1_598' title='bbox 1736 4833 1769 4890; x_wconf 84' lang='lat' dir='ltr'>T.</span> <span class='ocrx_word' id='word_1_599' title='bbox 1783 4833 1819 4888; x_wconf 90' lang='lat' dir='ltr'>V.</span> <span class='ocrx_word' id='word_1_600' title='bbox 1832 4853 1859 4906; x_wconf 89' lang='lat' dir='ltr'>p.</span> <span class='ocrx_word' id='word_1_601' title='bbox 1874 4837 1916 4900; x_wconf 85' lang='lat' dir='ltr'>l·,</span> <span class='ocrx_word' id='word_1_602' title='bbox 1933 4834 1962 4888; x_wconf 86' lang='lat' dir='ltr'>iu</span> <span class='ocrx_word' id='word_1_603' title='bbox 1976 4785 2160 4890; x_wconf 82' lang='lat' dir='ltr'>Oratiaisibua</span> <span class='ocrx_word' id='word_1_604' title='bbox 2172 4843 2278 4908; x_wconf 83' lang='lat' dir='ltr'>postra-</span> 
     </span>
     <span class='ocr_line' id='line_1_79' title="bbox 1385 4903 2043 4982; baseline -0.012 -18"><span class='ocrx_word' id='word_1_605' title='bbox 1385 4911 1436 4965; x_wconf 84' lang='lat' dir='ltr'>mia</span> <span class='ocrx_word' id='word_1_606' title='bbox 1454 4929 1481 4982; x_wconf 87' lang='lat' dir='ltr'>p.</span> <span class='ocrx_word' id='word_1_607' title='bbox 1496 4912 1564 4980; x_wconf 86' lang='lat' dir='ltr'>laq.</span> <span class='ocrx_word' id='word_1_608' title='bbox 1577 4917 1603 4961; x_wconf 84' lang='lat' dir='ltr'>et</span> <span class='ocrx_word' id='word_1_609' title='bbox 1616 4904 1690 4978; x_wconf 82' lang='lat' dir='ltr'>apud</span> <span class='ocrx_word' id='word_1_610' title='bbox 1703 4903 1830 4960; x_wconf 84' lang='lat' dir='ltr'>Richard.</span> <span class='ocrx_word' id='word_1_611' title='bbox 1845 4903 1880 4956; x_wconf 83' lang='lat' dir='ltr'>T.</span> <span class='ocrx_word' id='word_1_612' title='bbox 1894 4903 1928 4962; x_wconf 86' lang='lat' dir='ltr'>ll.</span> <span class='ocrx_word' id='word_1_613' title='bbox 1942 4923 1969 4976; x_wconf 92' lang='lat' dir='ltr'>p.</span> <span class='ocrx_word' id='word_1_614' title='bbox 1981 4903 2043 4960; x_wconf 69' lang='lat'>392.</span> 
     </span>
    </p>
   </div>
   <div class='ocr_carea' id='block_1_16' title="bbox 1287 4658 1461 4786">
    <p class='ocr_par' dir='ltr' id='par_1_19' title="bbox 1287 4658 1461 4786">
     <span class='ocr_line' id='line_1_80' title="bbox 1287 4658 1461 4786; baseline -0.006 -55"><span class='ocrx_word' id='word_1_615' title='bbox 1287 4658 1461 4786; x_wconf 56' lang='lat' dir='ltr'>Q</span> 
     </span>
    </p>
   </div>
   <div class='ocr_carea' id='block_1_17' title="bbox 1284 5049 2276 5354">
    <p class='ocr_par' dir='ltr' id='par_1_20' title="bbox 1284 5049 2276 5354">
     <span class='ocr_line' id='line_1_81' title="bbox 1285 5049 2276 5146; baseline -0.007 -21"><span class='ocrx_word' id='word_1_616' title='bbox 1285 5058 1436 5140; x_wconf 79' lang='lat' dir='ltr'>(trotio,</span> <span class='ocrx_word' id='word_1_617' title='bbox 1481 5074 1558 5146; x_wconf 79' lang='lat' dir='ltr'>quo</span> <span class='ocrx_word' id='word_1_618' title='bbox 1583 5049 1732 5142; x_wconf 82' lang='lat' dir='ltr'>publice</span> <span class='ocrx_word' id='word_1_619' title='bbox 1760 5051 1973 5144; x_wconf 75' lang='lat' dir='ltr'>resipuerit</span> <span class='ocrx_word' id='word_1_620' title='bbox 1997 5051 2276 5143; x_wconf 71' lang='lat' dir='ltr'>Magistrum</span> 
     </span>
     <span class='ocr_line' id='line_1_82' title="bbox 1284 5149 2275 5238; baseline -0.008 -10"><span class='ocrx_word' id='word_1_621' title='bbox 1284 5155 1585 5238; x_wconf 80' lang='lat' dir='ltr'>scholasticum,-</span> <span class='ocrx_word' id='word_1_622' title='bbox 1623 5155 1673 5224; x_wconf 88' lang='lat' dir='ltr'>D.</span> <span class='ocrx_word' id='word_1_623' title='bbox 1720 5153 2001 5226; x_wconf 66' lang='lat' dir='ltr'>scortatore</span> <span class='ocrx_word' id='word_1_624' title='bbox 2041 5149 2209 5220; x_wconf 75' lang='lat' dir='ltr'>&#39;Demea</span> <span class='ocrx_word' id='word_1_625' title='bbox 2251 5171 2275 5221; x_wconf 82' lang='lat' dir='ltr'>r</span> 
     </span>
     <span class='ocr_line' id='line_1_83' title="bbox 1311 5251 2248 5354; baseline -0.004 -25"><span class='ocrx_word' id='word_1_626' title='bbox 1311 5256 1509 5354; x_wconf 77' lang='lat' dir='ltr'>Gorplro,</span> <span class='ocrx_word' id='word_1_627' title='bbox 1540 5256 1702 5328; x_wconf 80' lang='lat' dir='ltr'>Pelorus</span> <span class='ocrx_word' id='word_1_628' title='bbox 1723 5261 1819 5342; x_wconf 73' lang='lat' dir='ltr'>rto,</span> <span class='ocrx_word' id='word_1_629' title='bbox 1843 5257 2002 5342; x_wconf 69' lang='lat' dir='ltr'>flector,</span> <span class='ocrx_word' id='word_1_630' title='bbox 2034 5251 2113 5325; x_wconf 79' lang='lat' dir='ltr'>Gal.</span> <span class='ocrx_word' id='word_1_631' title='bbox 2139 5255 2248 5326; x_wconf 69' lang='lat' dir='ltr'>Moli</span> 
     </span>
    </p>
   </div>
   <div class='ocr_carea' id='block_1_18' title="bbox 1286 5384 2335 5594">
    <p class='ocr_par' dir='ltr' id='par_1_21' title="bbox 1286 5384 2335 5594">
     <span class='ocr_line' id='line_1_84' title="bbox 1286 5384 2276 5498; baseline -0.003 -21"><span class='ocrx_word' id='word_1_632' title='bbox 1286 5384 1459 5477; x_wconf 83' lang='lat' dir='ltr'>Primum</span> <span class='ocrx_word' id='word_1_633' title='bbox 1488 5429 1552 5496; x_wconf 84' lang='lat' dir='ltr'>ago</span> <span class='ocrx_word' id='word_1_634' title='bbox 1582 5407 1713 5496; x_wconf 82' lang='lat' dir='ltr'>gratias</span> <span class='ocrx_word' id='word_1_635' title='bbox 1736 5404 1813 5476; x_wconf 92' lang='lat' dir='ltr'>Deo</span> <span class='ocrx_word' id='word_1_636' title='bbox 1835 5405 2093 5498; x_wconf 89' lang='lat' dir='ltr'>omnipotenti,</span> <span class='ocrx_word' id='word_1_637' title='bbox 2135 5423 2276 5480; x_wconf 85' lang='lat' dir='ltr'>aeterno</span> 
     </span>
     <span class='ocr_line' id='line_1_85' title="bbox 1287 5503 2335 5594; baseline -0.011 -13"><span class='ocrx_word' id='word_1_638' title='bbox 1287 5506 1385 5582; x_wconf 86' lang='lat' dir='ltr'>Patri</span> <span class='ocrx_word' id='word_1_639' title='bbox 1408 5505 1556 5581; x_wconf 90' lang='lat' dir='ltr'>Domini</span> <span class='ocrx_word' id='word_1_640' title='bbox 1578 5510 1691 5582; x_wconf 88' lang='lat' dir='ltr'>nostri</span> <span class='ocrx_word' id='word_1_641' title='bbox 1713 5507 1795 5580; x_wconf 92' lang='lat' dir='ltr'>lesu</span> <span class='ocrx_word' id='word_1_642' title='bbox 1810 5504 1963 5594; x_wconf 88' lang='lat' dir='ltr'>Christi,</span> <span class='ocrx_word' id='word_1_643' title='bbox 1987 5507 2170 5580; x_wconf 83' lang='lat' dir='ltr'>conditori</span> <span class='ocrx_word' id='word_1_644' title='bbox 2191 5509 2272 5582; x_wconf 76' lang='lat' dir='ltr'>coeli</span> <span class='ocrx_word' id='word_1_645' title='bbox 2334 5503 2335 5518; x_wconf 56' lang='lat'>³</span> 
     </span>
    </p>
   </div>
   <div class='ocr_carea' id='block_1_19' title="bbox 0 0 2367 6164">
    <p class='ocr_par' dir='ltr' id='par_1_22' title="bbox 0 0 2367 6164">
     <span class='ocr_line' id='line_1_86' title="bbox 0 0 2367 6164; baseline 0 0"><span class='ocrx_word' id='word_1_646' title='bbox 0 0 2367 6164; x_wconf 95' lang='lat' dir='ltr'> </span> 
     </span>
    </p>
   </div>
  </div>
 </body>
</html>
