4674 6162
74 329 112 402 a
231 316 694 411 rrrsrosanuu,
729 267 1104 398 runicronuu
1129 310 1212 413 ,ar
1244 309 1649 390 sontrronuu
1699 311 1810 388 aaa.
1836 309 1938 388 xiv.
2058 309 2111 382 ta

76 489 223 591 αἰσχρὸν
241 487 505 590 ἀνθρώποισιν
521 485 689 589 ἀλλήλων
703 489 815 584 κακὰ,
834 491 954 586 inquit
967 485 1066 560 The-
1113 511 1195 556 nem
1219 509 1283 578 ego
1300 485 1420 556 iudico
1436 486 1636 556 molliorem
1654 510 1746 568 esse,
1772 509 1837 554 nec
1852 483 2049 567 contendo,
2076 477 2109 550 si

75 623 145 670 teus
166 597 263 689 apud
280 595 510 689 Euripidem,
543 602 712 672 cadavera
735 596 944 687 Principum
966 593 1065 662 sanie
1113 589 1194 683 quis
1209 589 1393 669 dissentit,
1418 603 1522 682 teque
1539 585 1605 657 hac
1622 591 1666 658 de
1682 585 1719 656 r‘e
1737 589 1982 657 contentiones
1998 585 2108 656 omit·

74 703 169 796 plena
187 701 351 775 abluens.
387 699 508 788 Quare
524 713 558 770 te
571 723 784 792 magnopere
800 723 880 783 oro,
901 717 1064 784 neaegre
1110 705 1185 762 tere
1205 695 1300 762 volo.
1355 691 1581 762 Ptolomaeus
1606 691 1644 759 in
1660 688 1820 760 Homero
1843 689 1969 758 maluit
1990 689 2109 776 legere

73 805 154 876 ieras
175 805 222 873 ad
247 816 281 876 le
307 803 416 872 scribi
437 805 483 872 de
506 796 574 872 hoc
594 803 741 872 molesto
765 801 917 890 negotio.
967 795 1063 868 Puer
1111 790 1213 874 σίον,
1240 817 1320 864 eum
1337 791 1570 864 Grammatici
1595 794 1749 882 legerent
1771 793 1843 866 ἴον.
1895 790 1967 862 Nec
1987 790 2107 874 credo,

74 921 136 991 est,
161 919 269 976 natus
286 903 440 976 Doctore
458 900 694 994 'lheologiae,
721 919 861 996 pastore
882 899 1062 974 Ecclesiae
1108 909 1294 989 propterea
1314 896 1563 986 grammaticos
1578 897 1791 965 seditionem
1811 891 1975 964 movisse.
2024 885 2106 960 Ob-

75 999 250 1080 Citiensis
275 1009 314 1078 in
329 1007 469 1078 Ducatu
483 1005 772 1098 Luneburgensi,
805 1006 882 1076 viro
897 999 1060 1074 honesto
1108 1021 1224 1085 secro,
1250 1013 1291 1071 ut
1313 999 1540 1068 concordiam
1565 1011 1601 1069 et
1625 997 1919 1090 tranquillitatem
1944 1016 2106 1064 commu·

76 1127 107 1183 et
123 1133 291 1203 paupere.
344 1107 434 1182 Cum
462 1121 579 1179 autern
603 1109 709 1199 long'o
731 1110 801 1178 iarn
824 1123 983 1199 ternpore
996 1108 1061 1176 de·
1107 1125 1190 1169 nem
1221 1102 1370 1194 privatis
1403 1101 1588 1172 affectibus
1621 1099 1838 1174 anteieratis.
1888 1095 1986 1166 Bene
2013 1095 2103 1171 vale.

74 1215 238 1284 formatus
261 1213 308 1282 sit
329 1212 430 1284 tetris
451 1211 651 1297 ulceribus,
686 1214 870 1283 adducunt
892 1233 973 1280 eum
996 1206 1060 1278 Li·
1106 1199 1175 1274 Die
1189 1206 1250 1278 28.
1265 1203 1415 1287 Martii.¹
2098 1234 2102 1243 ·

74 1315 171 1408 psiarn
202 1314 421 1408 propinqui,
459 1325 500 1384 ut
522 1313 732 1406 inspiciatur
750 1338 791 1384 ac
813 1313 990 1382 iudicetur
1012 1332 1058 1378 ara
1619 1315 1811 1413 Philippu,
1826 1311 2054 1392 M012n1h011‚

79 1420 114 1488 sit
130 1417 262 1508 Lepra.
321 1415 448 1488 Nescio
473 1439 520 1486 an
544 1417 715 1486 usitatum
739 1417 785 1486 sit
809 1415 887 1486 istic
908 1411 1059 1484 iudicari

80 1515 150 1591 hane
177 1543 276 1600 rem,
310 1533 373 1589 aut
393 1518 456 1612 qui
483 1518 652 1605 iudicent.
703 1518 757 1590 Ta
778 1519 889 1608 igitur
910 1540 995 1600 oro,
1019 1529 1060 1586 ut

79 1617 137 1708 his,
160 1621 231 1716 qui
247 1645 400 1713 puerum
415 1621 609 1705 adducunt,
635 1643 701 1714 pro
714 1635 775 1693 tua
790 1619 918 1690 eximia
932 1613 1060 1688 liuma-

75 1725 192 1809 uitate,
223 1723 362 1794 indices
385 1721 545 1811 collegii,
584 1737 619 1793 et
641 1725 741 1794 urbis
764 1737 899 1793 vestrae
921 1741 1057 1788 morem
1119 1720 1186 1794 No.
1204 1721 1318 1792 7051.

73 1821 186 1896 bacin
210 1849 270 1910 re,
302 1837 337 1896 et
355 1827 386 1898 si
408 1825 577 1895 usitatum
601 1837 652 1894 est
675 1826 751 1896 istic
776 1823 956 1917 aliquibus
974 1816 1059 1888 haec
1112 1817 1324 1860 Μ

73 1929 241 2012 iudicare,
268 1950 423 2019 exponas
439 1927 524 2019 quid
543 1929 718 2016 agendum
735 1930 785 1996 eis
803 1927 858 1998 sit.
898 1921 1059 1992 Veniunt
1409 1926 1522 2014 lug-g·
1549 1927 1800 2015 Schallero·

73 2045 104 2100 ut
118 2028 297 2122 hospites,
317 2029 431 2120 ignari
451 2023 577 2098 harum
594 2053 725 2098 rerum.
777 2025 856 2121 Oro
872 2023 993 2116 igitur,
1019 2039 1060 2093 nt

74 2133 217 2204 intanta
235 2133 339 2224 pueri
355 2131 493 2199 miseria
519 2127 719 2222 hospitibus
741 2132 889 2200 comiter
911 2150 1059 2218 respon-

71 2239 156 2309 deas.
199 2233 299 2304 Bene
316 2249 350 2304 et
366 2233 518 2304 feliciter
533 2233 610 2304 vale
619 2287 632 2319 „
655 2233 722 2304 Vir
737 2232 951 2306 doctissime.
984 2227 1059 2298 No·

72 2340 118 2408 nis
131 2338 419 2432 Septembribus.

1176 2110 1195 2177 †
1214 2106 1252 2162 Es
1264 2122 1358 2182 apogr.
1372 2105 1400 2162 in
1414 2107 1647 2166 adnotasse.
1667 2129 1693 2182 p.
1708 2109 1768 2164 toa.

1107 2273 1309 2380 Philippos
1324 2274 1553 2350 ddelaathoa
1580 2275 1606 2350 I
1615 2290 1688 2350 usi
1698 2307 1719 2352 ο
1735 2277 1766 2352 S
1774 2275 1857 2350 cha
1868 2275 2006 2368 llaro,
2033 2271 2107 2348 civi

1197 2445 1200 2452 .
1313 2373 1510 2480 Cygnaeo,
1536 2381 1754 2465 amicosne,
1787 2383 1825 2459 S.
1848 2381 1893 2459 l).

79 2557 1047 2580 mmm
1108 2521 1266 2626 Semper
1284 2536 1323 2604 in
1342 2552 1530 2627 conspectu
1549 2538 1654 2606 bonis
1670 2539 1850 2608 mentibus
1870 2535 1955 2608 haee
1973 2527 2103 2606 Plato-

1108 2638 1168 2707 nis
1193 2638 1366 2708 sententia
1390 2661 1464 2705 esse
1487 2641 1654 2718 debebat,
1689 2641 1854 2712 videlieet
1881 2632 2105 2734 gratulndo

1107 2738 1189 2810 Deo
1198 2742 1354 2839 samam
1372 2737 1411 2807 in
1428 2738 1574 2808 artibus
1589 2763 1762 2834 sparsam
1783 2765 1876 2827 esse,
1909 2763 1997 2836 quas
2018 2740 2105 2835 qui-

1108 2848 1189 2915 dero
1205 2845 1234 2912 si
1250 2843 1483 2932 cogitaremus
1500 2857 1535 2912 et
1549 2843 1613 2914 Dei
1632 2845 1670 2912 iu
1684 2846 1789 2914 nobis
1805 2869 1911 2937 opera
1929 2858 1962 2914 et
1978 2845 2104 2936 aliquo·

420 2904 487 2990 1⁰·
519 2907 709 3020 Sagm·
1109 2949 1216 3018 modo
1239 2960 1343 3016 testes
1367 2947 1412 3014 de
1433 2943 1508 3014 Deo
1534 2969 1627 3030 esse,
1652 2947 1763 3036 magis
1786 2949 1890 3017 etiarn
1911 2967 2102 3016 venerare-

85 2707 143 2782 No.
159 2707 277 2780 7050.
895 2717 955 2779 ts.
971 2706 1061 2771 Mart.

78 2809 276 2844 m
890 2798 1059 2826 m

141 3049 543 3154 ffiwvgmgpffi,
561 3069 725 3126 1).1..⁵t¹.
758 3099 786 3110 -
823 3067 969 3126 bocenaio
988 3077 1062 3123 „210
1108 3074 1200 3124 marr.
1235 3047 1354 3138 Quam
1371 3047 1521 3117 illustria
1540 3049 1739 3118 testimonia
1757 3065 1839 3120 sunt
1855 3052 1898 3118 de
1913 3047 1989 3120 Deo
2006 3049 2106 3138 leges

172 3141 490 3210 swl¹1⁶·⁸⁰‘⁵t³'·²·¹·
1109 3151 1257 3220 naturae
1278 3152 1316 3218 iu
1340 3151 1520 3219 mentibus
1541 3145 1746 3236 hominum,
1778 3176 1868 3245 quae
1896 3173 2101 3222 commone-

85 3293 297 3372 Clan'ssimo
314 3301 410 3380 viro,
435 3293 638 3368 erudiliane
652 3305 683 3367 el
698 3295 827 3368 virtute
842 3295 1061 3392 praestanti,
1107 3254 1243 3322 smum
1265 3275 1330 3320 ¹¹⁰⁸
1346 3275 1419 3320 ¹¹⁰⁰
1438 3253 1573 3335 ³⁰¹⁰m'
1598 3267 1637 3322 ¹¹¹
1653 3277 1725 3322 ⁰⁸⁸⁸
1740 3251 1854 3324 Deum
1871 3269 2024 3325 mentem
2041 3276 2101 3322 κ’

84 3399 511 3496 Dpoannpgagm
554 3396 766 3470 docentum
795 3397 1061 3470 “amm-mm
1108 3353 1450 3444 ternam,opihcem
1468 3368 1811 3440 rerumstatuamus,
1835 3358 1896 3426 sed
1914 3356 2103 3427 etiamdu-

120 3459 129 3478 ’
520 3451 530 3483 ’
765 3427 793 3495 g
1017 3499 1025 3516 ·
1109 3472 1210 3540 cent,
1253 3456 1368 3547 qualis
1393 3455 1440 3526 sit
1466 3452 1581 3542 Deris,
1621 3457 1753 3534 scilieet
1779 3459 1938 3550 sapiens,
1976 3457 2103 3540 iustus,

82 3517 288 3602 “gramm
311 3527 351 3574 m
373 3503 516 3628 mima
541 3500 629 3574 ‘nb‘
650 3499 911 3586 melam’
942 3525 1063 3572 amico
1109 3561 1198 3630 dans
1212 3557 1369 3651 aequalia
1385 3557 1609 3650 aequalibus,
1631 3560 1825 3644 beneficus,
1844 3583 1960 3644 verax,
1980 3581 2104 3628 amans

528 3631 606 3678 ’ω’
1110 3661 1316 3732 castitatem.
1368 3659 1420 3730 lta
1437 3655 1671 3732 Arithmetica
1690 3662 1786 3732 testis
1805 3676 1867 3745 est,
1893 3661 2009 3733 Deum
2027 3683 2102 3731 esse

79 3747 122 3834 S.
147 3761 190 3834 D.
241 3757 431 3830 Carissime
448 3753 597 3854 Sagara.
639 3757 753 3847 Ludit
771 3753 959 3828 Erasmus
975 3757 1062 3828 scri·
1110 3777 1264 3834 mentem
1295 3761 1550 3852 intelligentem
1575 3762 1723 3844 ordinis,
1786 3761 1828 3833 lu
1855 3763 1992 3835 Musica
2016 3785 2103 3832 vcro

78 3863 177 3949 bens,
209 3861 387 3934 Cadmum
422 3863 643 3932 inventorem
679 3861 862 3931 literarum
895 3861 1062 3954 sparsisse
1110 3891 1189 3936 eum
1215 3863 1352 3934 ordinis
1372 3877 1406 3932 et
1420 3865 1692 3955 proportionum
1708 3867 1870 3936 doctrina
1888 3868 2101 3951 ineat,.turo

78 3971 193 4036 dentes
218 3965 393 4035 Draconis
415 3963 452 4032 in
477 3978 628 4048 terram,
659 3963 695 4032 id
719 3977 770 4069 est
791 3962 920 4051 literas.
974 3959 1062 4031 lude
1111 3993 1194 4038 vero
1210 3968 1361 4061 quadam
1378 3965 1567 4058 peculiaris
1582 3969 1634 4037 vis
1648 3969 1801 4052 aceedit,
1821 3972 1918 4062 quod
1936 3968 2103 4038 videlicet

78 4067 204 4139 dieitur
229 4081 311 4136 nata
338 4089 434 4156 teges
459 4080 675 4136 armatorum
702 4066 797 4136 inter
822 4089 859 4134 se
887 4065 1073 4160 dimican3
1110 4095 1189 4142 eum
1209 4071 1299 4138 aliae
1322 4093 1378 4137 res
1402 4092 1591 4159 corporeae
1612 4095 1686 4140 non
1703 4085 1848 4160 tangant
1864 4084 2021 4156 mentes,
2046 4083 2101 4139 ta-

78 4173 173 4244 tium.
224 4167 302 4239 Etsi
326 4193 451 4258 magna
470 4183 553 4238 sunt
572 4167 753 4238 literarum
774 4169 983 4246 certamina,
1011 4182 1062 4237 ta·
1110 4195 1192 4241 men
1227 4166 1434 4240 harmoniae
1467 4171 1620 4242 musicae
1653 4198 1779 4244 vocum
1810 4172 2023 4242 mirabiliter
2045 4170 2104 4240 le-

80 4297 155 4341 men
169 4287 203 4342 te
219 4267 362 4354 hortor,
389 4284 429 4341 ut
445 4287 557 4341 taceas
573 4271 708 4362 potius,
734 4271 764 4340 si
782 4271 861 4364 quis
887 4283 920 4338 te
941 4293 1062 4358 repre·
1109 4276 1228 4360 riunt,
1254 4285 1415 4344 recusant
1431 4273 1579 4344 animos.
1629 4271 1793 4368 Denique
1807 4297 1971 4364 magnam
1985 4273 2102 4344 varie-

80 4371 224 4456 hendat,
251 4398 355 4468 quam
372 4387 413 4444 ut
430 4397 570 4442 moveas
588 4387 783 4458 certarnen,
806 4373 900 4443 unde
914 4369 1060 4440 dissidia
1110 4393 1214 4448 tatem
1239 4389 1399 4444 motuum
1428 4377 1465 4442 in
1490 4375 1619 4444 animis
1642 4377 1875 4462 exsuscitant,
1905 4399 1970 4446 nee
1995 4397 2101 4448 causa

79 4477 307 4548 etodiaoriri
328 4477 670 4566 possevidebuntur.
712 4473 1062 4566 Multasuutpnlili-
1097 4480 1176 4550 ¹alia
1201 4478 1391 4546 monstrari
1417 4489 1548 4568 potest,
1580 4478 1650 4546 nisi
1675 4480 1838 4568 cognatio
1864 4474 1992 4549 mentis
2017 4501 2100 4548 cum

79 4603 133 4648 cae
148 4577 400 4672 tranquillitati
416 4580 662 4647 condonanda.
714 4573 760 4646 Et
775 4601 894 4666 saepe,
921 4591 959 4646 ut
975 4575 1060 4645 Pin·
1110 4583 1183 4673 ipsa
1207 4581 1477 4671 proportionum
1501 4581 1674 4653 doctrina.
1729 4580 1778 4651 lta
1804 4605 1883 4650 cum
1910 4580 1949 4650 in
1973 4580 2101 4650 ordine

79 4683 179 4750 dacus
195 4681 324 4774 inquit,
346 4704 451 4769 parva
468 4677 621 4749 scintilla
636 4703 800 4770 magnam
814 4681 947 4774 sylvam
963 4705 1063 4748 corn·
1110 4705 1257 4766 vocum,
1282 4695 1315 4750 et
1333 4682 1406 4772 ipsa
1425 4695 1540 4750 ruente
1556 4676 1743 4751 hominum
1763 4683 1929 4772 impressa
1948 4681 2019 4752 sint
2034 4681 2101 4752 Dei

78 4785 181 4854 burit.
233 4781 309 4873 Ego
327 4783 493 4852 usitatum
511 4806 710 4852 sermonem
729 4806 828 4868 amo,
855 4807 920 4852 nee
940 4781 1060 4851 omnia
1112 4785 1274 4874 vestigia,
1302 4781 1439 4853 Musica
1462 4786 1503 4850 ad
1521 4783 1585 4853 Dei
1609 4785 1925 4854 considerationem
1949 4784 2103 4854 invitare

80 4909 116 4954 ex
140 4888 323 4978 poetarum
347 4884 452 4953 dictis
472 4885 715 4954 transferenda
743 4899 826 4954 sunt
843 4887 885 4952 ad
902 4909 1062 4954 cominu-
1110 4911 1175 4956 nos
1200 4885 1359 4956 debebat.
1412 4886 1464 4953 Ac
1480 4887 1642 4954 omnium
1660 4901 1858 4976 temporum
1877 4881 2022 4956 historia
2040 4885 2099 4954 in-

82 5011 154 5056 nem
188 5011 399 5058 sermonem.
463 4985 555 5058 lltud
587 4999 723 5056 autem:
764 5009 925 5081 peragar
953 4983 1062 5054 vibice
1110 4990 1222 5072 dicat,
1254 4987 1440 5078 praecipue
1464 4989 1667 5058 attributam
1693 5013 1766 5058 esse
1789 4987 1909 5078 generi
1930 4985 2101 5068 humano,

82 5099 260 5173 cruentus,
284 5089 444 5158 existimo
461 5089 595 5160 dictum
617 5111 691 5158 esse
707 5090 838 5157 lorensi
860 5113 978 5174 more,
1005 5101 1060 5158 ut:
1109 5105 1148 5161 nt
1164 5113 1228 5182 per
1242 5113 1318 5158 earn
1331 5087 1492 5156 doctrina
1511 5092 1555 5157 de
1571 5089 1645 5160 Deo
1662 5107 1891 5182 propagetur,
1916 5103 1955 5161 ul
1971 5095 2101 5160 arden-

80 5215 231 5288 peragor
248 5185 421 5288 publicus
438 5213 496 5259 ore
511 5212 593 5260 reus
602 5217 616 5267 ;
643 5203 682 5260 ut
699 5187 809 5259 vibice
826 5191 999 5282 pertineat
1016 5192 1058 5259 ad
1109 5195 1218 5262 tiores
1258 5205 1376 5260 motus
1420 5192 1457 5258 in
1491 5193 1714 5262 auditoribus
1746 5193 1930 5262 doetrinae
1962 5193 2100 5264 efficiat
2143 5223 2146 5230 ·

82 5319 193 5364 rocem
217 5301 405 5378 cruentus,
429 5307 463 5364 et
482 5315 643 5388 peragar
662 5291 705 5362 sit
723 5293 875 5384 positum
889 5293 1062 5364 absolute.
1109 5299 1257 5386 benrper
1285 5293 1382 5362 enim
1412 5293 1496 5362 inde
1517 5317 1629 5387 usque
1652 5295 1696 5362 ab
1719 5294 1823 5364 initio
1845 5296 1971 5363 rnurrdi
1991 5293 2101 5368 sacris

81 5391 224 5488 Peragor
238 5409 392 5466 atreum
410 5395 560 5464 dicimus
577 5395 712 5486 peragi,
739 5419 778 5466 ac
793 5394 841 5464 sic
859 5418 1007 5486 peragor
1021 5409 1060 5466 ut
1108 5397 1237 5466 ritibus
1259 5411 1382 5466 cantus
1405 5391 1557 5464 adhibiti
1581 5409 1674 5468 sunt.
1729 5393 1941 5466 Aristoteles
1962 5409 2032 5466 tres
2048 5396 2100 5464 ait

83 5497 140 5568 tim
157 5501 271 5571 vibice
288 5509 467 5569 macutus.
518 5495 621 5568 Hanc
636 5496 801 5592 syntaxin
818 5499 1060 5570 etenarratio-
1108 5521 1182 5570 esse
1197 5500 1304 5586 lines,
1335 5513 1481 5590 propter
1502 5521 1591 5592 quos
1606 5495 1744 5568 Musica
1759 5491 1898 5567 bomini
1915 5499 2045 5570 ctdata
2062 5509 2098 5568 ct
