<?xml version="1.0" encoding="UTF-8"?>
<!DOCTYPE html PUBLIC "-//W3C//DTD XHTML 1.0 Transitional//EN"
    "http://www.w3.org/TR/xhtml1/DTD/xhtml1-transitional.dtd">
<html xmlns="http://www.w3.org/1999/xhtml" xml:lang="en" lang="en">
 <head>
  <title>
</title>
<meta http-equiv="Content-Type" content="text/html;charset=utf-8" />
  <meta name='ocr-system' content='tesseract 3.04.00' />
  <meta name='ocr-capabilities' content='ocr_page ocr_carea ocr_par ocr_line ocrx_word'/>
</head>
<body>
  <div class='ocr_page' id='page_1' title='image "./philippimelanth10bindgoog_0067.png"; bbox 0 0 4674 6162; ppageno 0'>
   <div class='ocr_carea' id='block_1_1' title="bbox 71 316 2109 428">
    <p class='ocr_par' dir='ltr' id='par_1_1' title="bbox 71 316 2109 428">
     <span class='ocr_line' id='line_1_1' title="bbox 71 316 2109 428; baseline 0.009 -26"><span class='ocrx_word' id='word_1_1' title='bbox 71 327 117 402; x_wconf 80' lang='lat' dir='ltr'><strong>st</strong></span> <span class='ocrx_word' id='word_1_2' title='bbox 247 321 706 416; x_wconf 76' lang='lat' dir='ltr'><strong>EPISTOLARUM,</strong></span> <span class='ocrx_word' id='word_1_3' title='bbox 741 316 1115 404; x_wconf 87' lang='lat' dir='ltr'><strong>lUDlClORUM</strong></span> <span class='ocrx_word' id='word_1_4' title='bbox 1147 317 1223 398; x_wconf 83' lang='grc' dir='ltr'><strong>ΕΤ</strong></span> <span class='ocrx_word' id='word_1_5' title='bbox 1256 321 1650 410; x_wconf 82' lang='lat' dir='ltr'>SCRIPTORUM</span> <span class='ocrx_word' id='word_1_6' title='bbox 1700 335 1934 428; x_wconf 74' lang='lat' dir='ltr'><strong>Ltuxtv.</strong></span> <span class='ocrx_word' id='word_1_7' title='bbox 2059 345 2109 422; x_wconf 78' lang='grc'><strong>98</strong></span> 
     </span>
    </p>
   </div>
   <div class='ocr_carea' id='block_1_2' title="bbox 74 497 2109 1215">
    <p class='ocr_par' dir='ltr' id='par_1_2' title="bbox 74 497 2109 1215">
     <span class='ocr_line' id='line_1_2' title="bbox 74 497 2108 600; baseline 0.01 -30"><span class='ocrx_word' id='word_1_8' title='bbox 74 503 123 573; x_wconf 78' lang='grc' dir='ltr'><strong>ιιι</strong></span> <span class='ocrx_word' id='word_1_9' title='bbox 143 501 361 594; x_wconf 74' lang='lat' dir='ltr'><strong>cogitatione</strong></span> <span class='ocrx_word' id='word_1_10' title='bbox 382 501 596 592; x_wconf 90' lang='lat' dir='ltr'><strong>sententiae,</strong></span> <span class='ocrx_word' id='word_1_11' title='bbox 631 525 724 600; x_wconf 88' lang='lat' dir='ltr'><strong>quae</strong></span> <span class='ocrx_word' id='word_1_12' title='bbox 743 503 850 576; x_wconf 89' lang='lat' dir='ltr'><strong>altius</strong></span> <span class='ocrx_word' id='word_1_13' title='bbox 870 501 995 594; x_wconf 86' lang='lat' dir='ltr'><strong>illapsa</strong></span> <span class='ocrx_word' id='word_1_14' title='bbox 1018 513 1070 572; x_wconf 87' lang='lat' dir='ltr'><strong>est</strong></span> <span class='ocrx_word' id='word_1_15' title='bbox 1122 498 1360 578; x_wconf 83' lang='lat' dir='ltr'><strong>vioraleram.</strong></span> <span class='ocrx_word' id='word_1_16' title='bbox 1412 497 1616 582; x_wconf 83' lang='lat' dir='ltr'><strong>Adhibetur</strong></span> <span class='ocrx_word' id='word_1_17' title='bbox 1630 525 1747 585; x_wconf 88' lang='lat' dir='ltr'><strong>autem</strong></span> <span class='ocrx_word' id='word_1_18' title='bbox 1764 517 1816 588; x_wconf 91' lang='lat' dir='ltr'><strong>sal</strong></span> <span class='ocrx_word' id='word_1_19' title='bbox 1830 511 1898 590; x_wconf 90' lang='lat' dir='ltr'><strong>hoc</strong></span> <span class='ocrx_word' id='word_1_20' title='bbox 1912 519 1998 588; x_wconf 85' lang='lat' dir='ltr'><strong>linc:</strong></span> <span class='ocrx_word' id='word_1_21' title='bbox 2025 544 2108 590; x_wconf 87' lang='lat' dir='ltr'><strong>narn</strong></span> 
     </span>
     <span class='ocr_line' id='line_1_3' title="bbox 74 599 2108 706; baseline 0.007 -29"><span class='ocrx_word' id='word_1_22' title='bbox 74 607 190 678; x_wconf 86' lang='lat' dir='ltr'><strong>animo</strong></span> <span class='ocrx_word' id='word_1_23' title='bbox 217 619 364 698; x_wconf 89' lang='lat' dir='ltr'><strong>propter</strong></span> <span class='ocrx_word' id='word_1_24' title='bbox 385 608 598 693; x_wconf 81' lang='lat' dir='ltr'><strong>melodiam,</strong></span> <span class='ocrx_word' id='word_1_25' title='bbox 629 629 667 676; x_wconf 89' lang='lat' dir='ltr'><strong>se</strong></span> <span class='ocrx_word' id='word_1_26' title='bbox 689 607 834 698; x_wconf 79' lang='lat' dir='ltr'><strong>erigere.</strong></span> <span class='ocrx_word' id='word_1_27' title='bbox 893 603 984 694; x_wconf 88' lang='lat' dir='ltr'><strong>Quis</strong></span> <span class='ocrx_word' id='word_1_28' title='bbox 1002 627 1070 674; x_wconf 92' lang='lat' dir='ltr'><strong>no-</strong></span> <span class='ocrx_word' id='word_1_29' title='bbox 1121 627 1202 674; x_wconf 92' lang='lat' dir='ltr'><strong>cum</strong></span> <span class='ocrx_word' id='word_1_30' title='bbox 1217 599 1382 677; x_wconf 87' lang='lat' dir='ltr'><strong>Christus</strong></span> <span class='ocrx_word' id='word_1_31' title='bbox 1397 608 1543 682; x_wconf 83' lang='lat' dir='ltr'><strong>dicitad</strong></span> <span class='ocrx_word' id='word_1_32' title='bbox 1559 607 1767 706; x_wconf 79' lang='lat' dir='ltr'><strong>Apostolos:</strong></span> <span class='ocrx_word' id='word_1_33' title='bbox 1790 643 1853 690; x_wconf 91' lang='lat' dir='ltr'><strong>vos</strong></span> <span class='ocrx_word' id='word_1_34' title='bbox 1872 623 1953 692; x_wconf 90' lang='lat' dir='ltr'><strong>estis</strong></span> <span class='ocrx_word' id='word_1_35' title='bbox 1968 623 2019 692; x_wconf 91' lang='lat' dir='ltr'><strong>sal</strong></span> <span class='ocrx_word' id='word_1_36' title='bbox 2035 635 2108 692; x_wconf 89' lang='lat' dir='ltr'><strong>ter-</strong></span> 
     </span>
     <span class='ocr_line' id='line_1_4' title="bbox 75 707 2108 816; baseline 0.009 -38"><span class='ocrx_word' id='word_1_37' title='bbox 75 724 182 778; x_wconf 90' lang='lat' dir='ltr'><strong>strum</strong></span> <span class='ocrx_word' id='word_1_38' title='bbox 206 709 296 778; x_wconf 92' lang='lat' dir='ltr'><strong>adeo</strong></span> <span class='ocrx_word' id='word_1_39' title='bbox 321 710 432 780; x_wconf 87' lang='lat' dir='ltr'><strong>durus</strong></span> <span class='ocrx_word' id='word_1_40' title='bbox 455 724 526 792; x_wconf 89' lang='lat' dir='ltr'><strong>est,</strong></span> <span class='ocrx_word' id='word_1_41' title='bbox 560 723 698 780; x_wconf 92' lang='lat' dir='ltr'><strong>utnon</strong></span> <span class='ocrx_word' id='word_1_42' title='bbox 721 707 1069 780; x_wconf 89' lang='lat' dir='ltr'><strong>cantulnsciniaein</strong></span> <span class='ocrx_word' id='word_1_43' title='bbox 1119 729 1201 792; x_wconf 86' lang='lat' dir='ltr'><strong>rae,</strong></span> <span class='ocrx_word' id='word_1_44' title='bbox 1233 730 1308 778; x_wconf 92' lang='lat' dir='ltr'><strong>uon</strong></span> <span class='ocrx_word' id='word_1_45' title='bbox 1338 707 1416 780; x_wconf 88' lang='lat' dir='ltr'><strong>sine</strong></span> <span class='ocrx_word' id='word_1_46' title='bbox 1446 713 1702 803; x_wconf 83' lang='lat' dir='ltr'><strong>significatione</strong></span> <span class='ocrx_word' id='word_1_47' title='bbox 1737 721 1855 816; x_wconf 90' lang='lat' dir='ltr'><strong>aliqua</strong></span> <span class='ocrx_word' id='word_1_48' title='bbox 1887 723 2018 794; x_wconf 84' lang='lat' dir='ltr'><strong>factum</strong></span> <span class='ocrx_word' id='word_1_49' title='bbox 2046 739 2108 796; x_wconf 83' lang='lat' dir='ltr'><strong>est.</strong></span> 
     </span>
     <span class='ocr_line' id='line_1_5' title="bbox 75 805 2109 918; baseline 0.009 -38"><span class='ocrx_word' id='word_1_50' title='bbox 75 810 228 882; x_wconf 88' lang='lat' dir='ltr'><strong>dumetis</strong></span> <span class='ocrx_word' id='word_1_51' title='bbox 251 823 287 882; x_wconf 91' lang='grc' dir='ltr'><strong>ιι</strong></span> <span class='ocrx_word' id='word_1_52' title='bbox 309 811 452 882; x_wconf 88' lang='lat' dir='ltr'><strong>cassitae</strong></span> <span class='ocrx_word' id='word_1_53' title='bbox 473 811 513 880; x_wconf 93' lang='lat' dir='ltr'><strong>in</strong></span> <span class='ocrx_word' id='word_1_54' title='bbox 535 812 629 902; x_wconf 82' lang='lat' dir='ltr'><strong>agris</strong></span> <span class='ocrx_word' id='word_1_55' title='bbox 651 811 759 882; x_wconf 90' lang='lat' dir='ltr'><strong>simul</strong></span> <span class='ocrx_word' id='word_1_56' title='bbox 778 833 864 883; x_wconf 89' lang='lat' dir='ltr'><strong>voce</strong></span> <span class='ocrx_word' id='word_1_57' title='bbox 885 822 920 880; x_wconf 92' lang='lat' dir='ltr'><strong>et</strong></span> <span class='ocrx_word' id='word_1_58' title='bbox 948 809 1068 878; x_wconf 91' lang='lat' dir='ltr'><strong>volatu</strong></span> <span class='ocrx_word' id='word_1_59' title='bbox 1099 805 1212 878; x_wconf 82' lang='lat' dir='ltr'><strong>‘Salis</strong></span> <span class='ocrx_word' id='word_1_60' title='bbox 1233 811 1327 878; x_wconf 91' lang='lat' dir='ltr'><strong>enim</strong></span> <span class='ocrx_word' id='word_1_61' title='bbox 1351 825 1477 884; x_wconf 86' lang='lat' dir='ltr'><strong>natura</strong></span> <span class='ocrx_word' id='word_1_62' title='bbox 1498 832 1549 888; x_wconf 90' lang='lat' dir='ltr'><strong>est</strong></span> <span class='ocrx_word' id='word_1_63' title='bbox 1565 821 1718 912; x_wconf 84' lang='lat' dir='ltr'><strong>quadarn</strong></span> <span class='ocrx_word' id='word_1_64' title='bbox 1732 823 1921 894; x_wconf 84' lang='lat' dir='ltr'>dulcedine</span> <span class='ocrx_word' id='word_1_65' title='bbox 1935 839 1969 898; x_wconf 93' lang='lat' dir='ltr'><strong>et</strong></span> <span class='ocrx_word' id='word_1_66' title='bbox 1984 849 2109 918; x_wconf 86' lang='lat' dir='ltr'><strong>sapore</strong></span> 
     </span>
     <span class='ocr_line' id='line_1_6' title="bbox 77 908 2109 1018; baseline 0.009 -36"><span class='ocrx_word' id='word_1_67' title='bbox 77 913 210 982; x_wconf 88' lang='lat' dir='ltr'><strong>coelum</strong></span> <span class='ocrx_word' id='word_1_68' title='bbox 227 925 406 1006; x_wconf 89' lang='lat' dir='ltr'><strong>petentem</strong></span> <span class='ocrx_word' id='word_1_69' title='bbox 422 913 570 983; x_wconf 86' lang='lat' dir='ltr'><strong>mirifice</strong></span> <span class='ocrx_word' id='word_1_70' title='bbox 584 909 823 984; x_wconf 83' lang='lat' dir='ltr'><strong>exhilaretur?</strong></span> <span class='ocrx_word' id='word_1_71' title='bbox 873 908 965 982; x_wconf 89' lang='lat' dir='ltr'><strong>Cum</strong></span> <span class='ocrx_word' id='word_1_72' title='bbox 986 910 1067 1004; x_wconf 89' lang='lat' dir='ltr'><strong>qni·</strong></span> <span class='ocrx_word' id='word_1_73' title='bbox 1118 911 1265 980; x_wconf 89' lang='lat' dir='ltr'><strong>condire</strong></span> <span class='ocrx_word' id='word_1_74' title='bbox 1286 913 1423 999; x_wconf 92' lang='lat' dir='ltr'><strong>cibum;</strong></span> <span class='ocrx_word' id='word_1_75' title='bbox 1454 916 1557 1000; x_wconf 89' lang='lat' dir='ltr'><strong>item,</strong></span> <span class='ocrx_word' id='word_1_76' title='bbox 1592 917 1782 1014; x_wconf 90' lang='lat' dir='ltr'><strong>prohibere</strong></span> <span class='ocrx_word' id='word_1_77' title='bbox 1802 927 2109 1018; x_wconf 77' lang='lat' dir='ltr'><strong>putrefactionem.</strong></span> 
     </span>
     <span class='ocr_line' id='line_1_7' title="bbox 77 1008 2108 1116; baseline 0.007 -32"><span class='ocrx_word' id='word_1_78' title='bbox 77 1015 287 1084; x_wconf 84' lang='lat' dir='ltr'><strong>demetiam</strong></span> <span class='ocrx_word' id='word_1_79' title='bbox 310 1037 378 1085; x_wconf 92' lang='lat' dir='ltr'><strong>nos</strong></span> <span class='ocrx_word' id='word_1_80' title='bbox 399 1015 653 1103; x_wconf 80' lang='lat' dir='ltr'><strong>admonemur,</strong></span> <span class='ocrx_word' id='word_1_81' title='bbox 688 1029 730 1088; x_wconf 91' lang='lat' dir='ltr'><strong>ut</strong></span> <span class='ocrx_word' id='word_1_82' title='bbox 751 1014 862 1086; x_wconf 81' lang='lat' dir='ltr'><strong>simili</strong></span> <span class='ocrx_word' id='word_1_83' title='bbox 883 1011 1002 1084; x_wconf 93' lang='lat' dir='ltr'><strong>studio</strong></span> <span class='ocrx_word' id='word_1_84' title='bbox 1025 1035 1066 1081; x_wconf 90' lang='lat' dir='ltr'><strong>ex</strong></span> <span class='ocrx_word' id='word_1_85' title='bbox 1119 1008 1225 1082; x_wconf 88' lang='lat' dir='ltr'><strong>Tales</strong></span> <span class='ocrx_word' id='word_1_86' title='bbox 1245 1027 1363 1084; x_wconf 90' lang='lat' dir='ltr'><strong>autem</strong></span> <span class='ocrx_word' id='word_1_87' title='bbox 1384 1039 1467 1102; x_wconf 88' lang='lat' dir='ltr'><strong>nos,</strong></span> <span class='ocrx_word' id='word_1_88' title='bbox 1492 1020 1566 1090; x_wconf 89' lang='lat' dir='ltr'><strong>sive</strong></span> <span class='ocrx_word' id='word_1_89' title='bbox 1582 1023 1620 1092; x_wconf 89' lang='lat' dir='ltr'><strong>in</strong></span> <span class='ocrx_word' id='word_1_90' title='bbox 1635 1019 1792 1096; x_wconf 75' lang='lat' dir='ltr'><strong>Ecclesia</strong></span> <span class='ocrx_word' id='word_1_91' title='bbox 1807 1052 2007 1116; x_wconf 88' lang='lat' dir='ltr'><strong>versemur,</strong></span> <span class='ocrx_word' id='word_1_92' title='bbox 2032 1031 2108 1100; x_wconf 84' lang='lat' dir='ltr'><strong>sive</strong></span> 
     </span>
     <span class='ocr_line' id='line_1_8' title="bbox 77 1111 2108 1215; baseline 0.008 -31"><span class='ocrx_word' id='word_1_93' title='bbox 77 1113 252 1189; x_wconf 77' lang='lat' dir='ltr'><strong>hilaritate</strong></span> <span class='ocrx_word' id='word_1_94' title='bbox 272 1117 494 1189; x_wconf 89' lang='lat' dir='ltr'><strong>conditorem</strong></span> <span class='ocrx_word' id='word_1_95' title='bbox 514 1115 630 1190; x_wconf 89' lang='lat' dir='ltr'><strong>Deum</strong></span> <span class='ocrx_word' id='word_1_96' title='bbox 656 1117 892 1202; x_wconf 87' lang='lat' dir='ltr'><strong>celebremus,</strong></span> <span class='ocrx_word' id='word_1_97' title='bbox 929 1127 964 1188; x_wconf 91' lang='lat' dir='ltr'><strong>et</strong></span> <span class='ocrx_word' id='word_1_98' title='bbox 988 1115 1067 1184; x_wconf 86' lang='lat' dir='ltr'><strong>lau·</strong></span> <span class='ocrx_word' id='word_1_99' title='bbox 1118 1112 1156 1182; x_wconf 89' lang='lat' dir='ltr'><strong>iu</strong></span> <span class='ocrx_word' id='word_1_100' title='bbox 1178 1111 1412 1206; x_wconf 84' lang='lat' dir='ltr'><strong>Reipublicae</strong></span> <span class='ocrx_word' id='word_1_101' title='bbox 1434 1121 1615 1210; x_wconf 90' lang='lat' dir='ltr'><strong>societate,</strong></span> <span class='ocrx_word' id='word_1_102' title='bbox 1642 1149 1716 1196; x_wconf 89' lang='lat' dir='ltr'><strong>esse</strong></span> <span class='ocrx_word' id='word_1_103' title='bbox 1736 1129 1922 1215; x_wconf 86' lang='lat' dir='ltr'><strong>debemus,</strong></span> <span class='ocrx_word' id='word_1_104' title='bbox 1954 1146 1993 1202; x_wconf 92' lang='lat' dir='ltr'><strong>ut</strong></span> <span class='ocrx_word' id='word_1_105' title='bbox 2018 1131 2108 1202; x_wconf 88' lang='lat' dir='ltr'><strong>alios</strong></span> 
     </span>
    </p>
   </div>
   <div class='ocr_carea' id='block_1_3' title="bbox 76 1211 1067 2314">
    <p class='ocr_par' dir='ltr' id='par_1_3' title="bbox 76 1211 1067 2314">
     <span class='ocr_line' id='line_1_9' title="bbox 76 1211 1067 1310; baseline -0.001 -22"><span class='ocrx_word' id='word_1_106' title='bbox 76 1221 130 1289; x_wconf 91' lang='lat' dir='ltr'><strong>des</strong></span> <span class='ocrx_word' id='word_1_107' title='bbox 152 1217 187 1288; x_wconf 92' lang='lat' dir='ltr'><strong>ci</strong></span> <span class='ocrx_word' id='word_1_108' title='bbox 213 1241 317 1289; x_wconf 84' lang='lat' dir='ltr'><strong>veras</strong></span> <span class='ocrx_word' id='word_1_109' title='bbox 339 1221 577 1293; x_wconf 85' lang='lat' dir='ltr'><strong>decantemus.</strong></span> <span class='ocrx_word' id='word_1_110' title='bbox 642 1217 789 1310; x_wconf 87' lang='lat' dir='ltr'><strong>Quanto</strong></span> <span class='ocrx_word' id='word_1_111' title='bbox 805 1219 915 1310; x_wconf 74' lang='lat' dir='ltr'><strong>magis</strong></span> <span class='ocrx_word' id='word_1_112' title='bbox 931 1211 1067 1288; x_wconf 84' lang='lat' dir='ltr'><strong>exhila-</strong></span> 
     </span>
     <span class='ocr_line' id='line_1_10' title="bbox 76 1317 1065 1394; baseline -0.004 -3"><span class='ocrx_word' id='word_1_113' title='bbox 76 1321 138 1392; x_wconf 90' lang='lat' dir='ltr'><strong>rari</strong></span> <span class='ocrx_word' id='word_1_114' title='bbox 153 1334 296 1393; x_wconf 88' lang='lat' dir='ltr'><strong>mentes</strong></span> <span class='ocrx_word' id='word_1_115' title='bbox 311 1345 387 1392; x_wconf 92' lang='lat' dir='ltr'><strong>nou</strong></span> <span class='ocrx_word' id='word_1_116' title='bbox 401 1321 561 1393; x_wconf 83' lang='lat' dir='ltr'><strong>efferatos</strong></span> <span class='ocrx_word' id='word_1_117' title='bbox 576 1336 852 1394; x_wconf 90' lang='lat' dir='ltr'><strong>consentancum</strong></span> <span class='ocrx_word' id='word_1_118' title='bbox 867 1333 930 1394; x_wconf 91' lang='lat' dir='ltr'><strong>est.</strong></span> <span class='ocrx_word' id='word_1_119' title='bbox 973 1317 1065 1390; x_wconf 90' lang='lat' dir='ltr'><strong>Cum</strong></span> 
     </span>
     <span class='ocr_line' id='line_1_11' title="bbox 78 1418 1065 1516; baseline -0.004 -24"><span class='ocrx_word' id='word_1_120' title='bbox 78 1423 224 1494; x_wconf 87' lang='lat' dir='ltr'><strong>audiunt</strong></span> <span class='ocrx_word' id='word_1_121' title='bbox 246 1423 287 1492; x_wconf 94' lang='lat' dir='ltr'><strong>in</strong></span> <span class='ocrx_word' id='word_1_122' title='bbox 302 1425 534 1496; x_wconf 75' lang='lat' dir='ltr'><strong>vernantibus</strong></span> <span class='ocrx_word' id='word_1_123' title='bbox 555 1418 670 1498; x_wconf 89' lang='lat' dir='ltr'><strong>hortis</strong></span> <span class='ocrx_word' id='word_1_124' title='bbox 689 1425 728 1495; x_wconf 93' lang='lat' dir='ltr'><strong>iu</strong></span> <span class='ocrx_word' id='word_1_125' title='bbox 746 1424 885 1495; x_wconf 88' lang='lat' dir='ltr'><strong>floridis</strong></span> <span class='ocrx_word' id='word_1_126' title='bbox 900 1420 1011 1516; x_wconf 89' lang='lat' dir='ltr'><strong>pratis</strong></span> <span class='ocrx_word' id='word_1_127' title='bbox 1026 1419 1065 1488; x_wconf 91' lang='lat' dir='ltr'><strong>in</strong></span> 
     </span>
     <span class='ocr_line' id='line_1_12' title="bbox 82 1519 1065 1618; baseline -0.004 -24"><span class='ocrx_word' id='word_1_128' title='bbox 82 1525 222 1596; x_wconf 88' lang='lat' dir='ltr'><strong>collibus</strong></span> <span class='ocrx_word' id='word_1_129' title='bbox 239 1519 403 1596; x_wconf 86' lang='lat' dir='ltr'><strong>herbidis</strong></span> <span class='ocrx_word' id='word_1_130' title='bbox 421 1540 622 1598; x_wconf 90' lang='lat' dir='ltr'><strong>sanctarum</strong></span> <span class='ocrx_word' id='word_1_131' title='bbox 642 1525 821 1618; x_wconf 80' lang='lat' dir='ltr'><strong>virginum</strong></span> <span class='ocrx_word' id='word_1_132' title='bbox 836 1527 914 1618; x_wconf 90' lang='lat' dir='ltr'><strong>pios</strong></span> <span class='ocrx_word' id='word_1_133' title='bbox 931 1536 1065 1606; x_wconf 89' lang='lat' dir='ltr'><strong>cantus,</strong></span> 
     </span>
     <span class='ocr_line' id='line_1_13' title="bbox 82 1623 1066 1722; baseline -0.005 -26"><span class='ocrx_word' id='word_1_134' title='bbox 82 1627 278 1722; x_wconf 89' lang='lat' dir='ltr'><strong>inquarnm</strong></span> <span class='ocrx_word' id='word_1_135' title='bbox 296 1623 559 1700; x_wconf 90' lang='lat' dir='ltr'><strong>chociscertum</strong></span> <span class='ocrx_word' id='word_1_136' title='bbox 576 1642 644 1712; x_wconf 91' lang='lat' dir='ltr'><strong>est,</strong></span> <span class='ocrx_word' id='word_1_137' title='bbox 667 1653 740 1700; x_wconf 90' lang='lat' dir='ltr'><strong>una</strong></span> <span class='ocrx_word' id='word_1_138' title='bbox 752 1628 873 1719; x_wconf 77' lang='lat' dir='ltr'><strong>vagari</strong></span> <span class='ocrx_word' id='word_1_139' title='bbox 888 1641 923 1699; x_wconf 89' lang='lat' dir='ltr'><strong>ct</strong></span> <span class='ocrx_word' id='word_1_140' title='bbox 941 1647 1066 1696; x_wconf 85' lang='lat' dir='ltr'><strong>canere</strong></span> 
     </span>
     <span class='ocr_line' id='line_1_14' title="bbox 76 1725 1064 1822; baseline -0.003 -24"><span class='ocrx_word' id='word_1_141' title='bbox 76 1730 212 1820; x_wconf 83' lang='lat' dir='ltr'><strong>angelos</strong></span> <span class='ocrx_word' id='word_1_142' title='bbox 235 1725 326 1816; x_wconf 86' lang='lat' dir='ltr'><strong>Dei,</strong></span> <span class='ocrx_word' id='word_1_143' title='bbox 358 1731 518 1802; x_wconf 87' lang='lat' dir='ltr'><strong>custodes</strong></span> <span class='ocrx_word' id='word_1_144' title='bbox 541 1725 668 1800; x_wconf 90' lang='lat' dir='ltr'><strong>harum</strong></span> <span class='ocrx_word' id='word_1_145' title='bbox 691 1731 884 1822; x_wconf 80' lang='lat' dir='ltr'><strong>agminum.</strong></span> <span class='ocrx_word' id='word_1_146' title='bbox 944 1725 1064 1816; x_wconf 83' lang='lat' dir='ltr'><strong>Quare</strong></span> 
     </span>
     <span class='ocr_line' id='line_1_15' title="bbox 77 1828 1065 1926; baseline -0.003 -26"><span class='ocrx_word' id='word_1_147' title='bbox 77 1854 139 1900; x_wconf 90' lang='lat' dir='ltr'><strong>non</strong></span> <span class='ocrx_word' id='word_1_148' title='bbox 171 1854 370 1926; x_wconf 90' lang='lat' dir='ltr'><strong>sequamur</strong></span> <span class='ocrx_word' id='word_1_149' title='bbox 400 1833 600 1924; x_wconf 83' lang='lat' dir='ltr'><strong>exemplum</strong></span> <span class='ocrx_word' id='word_1_150' title='bbox 629 1856 769 1916; x_wconf 90' lang='lat' dir='ltr'><strong>corum,</strong></span> <span class='ocrx_word' id='word_1_151' title='bbox 806 1831 869 1925; x_wconf 85' lang='lat' dir='ltr'><strong>qui</strong></span> <span class='ocrx_word' id='word_1_152' title='bbox 899 1828 1065 1900; x_wconf 88' lang='lat' dir='ltr'><strong>Musicen</strong></span> 
     </span>
     <span class='ocr_line' id='line_1_16' title="bbox 76 1930 1064 2026; baseline -0.003 -24"><span class='ocrx_word' id='word_1_153' title='bbox 76 1934 274 2024; x_wconf 77' lang='lat' dir='ltr'><strong>negligunt,</strong></span> <span class='ocrx_word' id='word_1_154' title='bbox 307 1936 368 2005; x_wconf 89' lang='lat' dir='ltr'><strong>scd</strong></span> <span class='ocrx_word' id='word_1_155' title='bbox 385 1934 503 2026; x_wconf 88' lang='lat' dir='ltr'><strong>potius</strong></span> <span class='ocrx_word' id='word_1_156' title='bbox 517 1935 706 2004; x_wconf 85' lang='lat' dir='ltr'><strong>excitemus</strong></span> <span class='ocrx_word' id='word_1_157' title='bbox 722 1933 873 2004; x_wconf 87' lang='lat' dir='ltr'><strong>canendi</strong></span> <span class='ocrx_word' id='word_1_158' title='bbox 894 1930 1064 2010; x_wconf 89' lang='lat' dir='ltr'><strong>studium,</strong></span> 
     </span>
     <span class='ocr_line' id='line_1_17' title="bbox 78 2033 1065 2128; baseline -0.002 -24"><span class='ocrx_word' id='word_1_159' title='bbox 78 2049 105 2104; x_wconf 91' lang='lat' dir='ltr'><strong>et</strong></span> <span class='ocrx_word' id='word_1_160' title='bbox 117 2036 290 2128; x_wconf 85' lang='lat' dir='ltr'><strong>exemplis</strong></span> <span class='ocrx_word' id='word_1_161' title='bbox 316 2049 352 2108; x_wconf 91' lang='lat' dir='ltr'><strong>et</strong></span> <span class='ocrx_word' id='word_1_162' title='bbox 373 2037 561 2108; x_wconf 87' lang='lat' dir='ltr'><strong>dulcedine</strong></span> <span class='ocrx_word' id='word_1_163' title='bbox 583 2036 780 2108; x_wconf 84' lang='lat' dir='ltr'><strong>carminum</strong></span> <span class='ocrx_word' id='word_1_164' title='bbox 800 2035 991 2106; x_wconf 91' lang='lat' dir='ltr'><strong>invitemus</strong></span> <span class='ocrx_word' id='word_1_165' title='bbox 1008 2033 1065 2102; x_wconf 86' lang='lat' dir='ltr'><strong>iu·</strong></span> 
     </span>
     <span class='ocr_line' id='line_1_18' title="bbox 76 2135 1065 2232; baseline 0.002 -32"><span class='ocrx_word' id='word_1_166' title='bbox 76 2151 251 2208; x_wconf 78' lang='lat' dir='ltr'><strong>rentntem</strong></span> <span class='ocrx_word' id='word_1_167' title='bbox 275 2151 310 2209; x_wconf 94' lang='lat' dir='ltr'><strong>et</strong></span> <span class='ocrx_word' id='word_1_168' title='bbox 331 2139 524 2232; x_wconf 89' lang='lat' dir='ltr'><strong>populum,</strong></span> <span class='ocrx_word' id='word_1_169' title='bbox 555 2153 595 2212; x_wconf 92' lang='lat' dir='ltr'><strong>ut</strong></span> <span class='ocrx_word' id='word_1_170' title='bbox 619 2161 656 2210; x_wconf 88' lang='lat' dir='ltr'><strong>se</strong></span> <span class='ocrx_word' id='word_1_171' title='bbox 679 2139 724 2208; x_wconf 89' lang='lat' dir='ltr'><strong>ad</strong></span> <span class='ocrx_word' id='word_1_172' title='bbox 747 2138 998 2229; x_wconf 81' lang='lat' dir='ltr'><strong>cogitationem</strong></span> <span class='ocrx_word' id='word_1_173' title='bbox 1021 2135 1065 2204; x_wconf 91' lang='lat' dir='ltr'><strong>de</strong></span> 
     </span>
     <span class='ocr_line' id='line_1_19' title="bbox 78 2234 1013 2314; baseline 0 -8"><span class='ocrx_word' id='word_1_174' title='bbox 78 2235 144 2310; x_wconf 87' lang='lat' dir='ltr'><strong>Deo</strong></span> <span class='ocrx_word' id='word_1_175' title='bbox 158 2234 217 2310; x_wconf 93' lang='lat' dir='ltr'><strong>his</strong></span> <span class='ocrx_word' id='word_1_176' title='bbox 237 2240 385 2314; x_wconf 87' lang='lat' dir='ltr'><strong>musicis</strong></span> <span class='ocrx_word' id='word_1_177' title='bbox 406 2241 580 2314; x_wconf 81' lang='lat' dir='ltr'><strong>exercitiis</strong></span> <span class='ocrx_word' id='word_1_178' title='bbox 594 2241 799 2312; x_wconf 85' lang='lat' dir='ltr'><strong>accendant.</strong></span> <span class='ocrx_word' id='word_1_179' title='bbox 834 2235 913 2312; x_wconf 83' lang='lat' dir='ltr'><strong>Etr.</strong></span> <span class='ocrx_word' id='word_1_180' title='bbox 1006 2293 1013 2306; x_wconf 85' lang='lat'><strong>.</strong></span> 
     </span>
    </p>
   </div>
   <div class='ocr_carea' id='block_1_4' title="bbox 75 2517 222 2530">
    <p class='ocr_par' dir='ltr' id='par_1_4' title="bbox 75 2517 222 2530">
     <span class='ocr_line' id='line_1_20' title="bbox 75 2517 222 2530; baseline 0 0"><span class='ocrx_word' id='word_1_181' title='bbox 75 2517 222 2530; x_wconf 70' lang='grc' dir='ltr'>ιιι--ι-Ι</span> 
     </span>
    </p>
   </div>
   <div class='ocr_carea' id='block_1_5' title="bbox 93 2711 288 2789">
    <p class='ocr_par' dir='ltr' id='par_1_5' title="bbox 93 2711 288 2789">
     <span class='ocr_line' id='line_1_21' title="bbox 93 2711 288 2789; baseline 0.031 -5"><span class='ocrx_word' id='word_1_182' title='bbox 93 2713 152 2788; x_wconf 81' lang='lat' dir='ltr'><strong>tto.</strong></span> <span class='ocrx_word' id='word_1_183' title='bbox 168 2711 288 2789; x_wconf 80' lang='lat'><strong>7092.</strong></span> 
     </span>
    </p>
   </div>
   <div class='ocr_carea' id='block_1_6' title="bbox 86 2811 758 3034">
    <p class='ocr_par' dir='ltr' id='par_1_6' title="bbox 86 2811 758 3034">
     <span class='ocr_line' id='line_1_22' title="bbox 86 2811 292 2850; baseline 0.01 -3"><span class='ocrx_word' id='word_1_184' title='bbox 86 2811 292 2850; x_wconf 52' lang='lat' dir='ltr'><strong>m</strong></span> 
     </span>
     <span class='ocr_line' id='line_1_23' title="bbox 364 2919 758 3034; baseline 0.008 -29"><span class='ocrx_word' id='word_1_185' title='bbox 364 2919 438 3006; x_wconf 84' lang='lat' dir='ltr'><strong>De</strong></span> <span class='ocrx_word' id='word_1_186' title='bbox 462 2921 758 3034; x_wconf 70' lang='lat' dir='ltr'><strong>depositione.</strong></span> 
     </span>
    </p>
   </div>
   <div class='ocr_carea' id='block_1_7' title="bbox 148 3093 1067 3219">
    <p class='ocr_par' dir='ltr' id='par_1_7' title="bbox 148 3093 1067 3219">
     <span class='ocr_line' id='line_1_24' title="bbox 148 3093 1067 3219; baseline -0.007 -65"><span class='ocrx_word' id='word_1_187' title='bbox 148 3099 279 3156; x_wconf 67' lang='lat' dir='ltr'><strong>bilibre:</strong></span> <span class='ocrx_word' id='word_1_188' title='bbox 299 3095 343 3151; x_wconf 86' lang='lat' dir='ltr'><strong>De</strong></span> <span class='ocrx_word' id='word_1_189' title='bbox 356 3095 471 3219; x_wconf 57' lang='lat' dir='ltr'><strong>oripine,</strong></span> <span class='ocrx_word' id='word_1_190' title='bbox 489 3099 586 3166; x_wconf 81' lang='lat' dir='ltr'><strong>causis,</strong></span> <span class='ocrx_word' id='word_1_191' title='bbox 602 3107 669 3171; x_wconf 85' lang='lat' dir='ltr'><strong>typo</strong></span> <span class='ocrx_word' id='word_1_192' title='bbox 683 3108 708 3150; x_wconf 91' lang='lat' dir='ltr'><strong>et</strong></span> <span class='ocrx_word' id='word_1_193' title='bbox 722 3093 887 3153; x_wconf 81' lang='lat' dir='ltr'><strong>ceremoniis</strong></span> <span class='ocrx_word' id='word_1_194' title='bbox 900 3094 974 3152; x_wconf 85' lang='lat' dir='ltr'><strong>illius</strong></span> <span class='ocrx_word' id='word_1_195' title='bbox 988 3095 1067 3164; x_wconf 87' lang='lat' dir='ltr'><strong>citus,</strong></span> 
     </span>
    </p>
   </div>
   <div class='ocr_carea' id='block_1_8' title="bbox 190 3162 1067 3294">
    <p class='ocr_par' dir='ltr' id='par_1_8' title="bbox 190 3162 1067 3294">
     <span class='ocr_line' id='line_1_25' title="bbox 190 3162 1067 3238; baseline -0.003 -15"><span class='ocrx_word' id='word_1_196' title='bbox 190 3169 218 3223; x_wconf 92' lang='lat' dir='ltr'><strong>ui</strong></span> <span class='ocrx_word' id='word_1_197' title='bbox 235 3167 284 3223; x_wconf 78' lang='lat' dir='ltr'><strong>vul</strong></span> <span class='ocrx_word' id='word_1_198' title='bbox 304 3183 321 3217; x_wconf 89' lang='lat' dir='ltr'><strong>o</strong></span> <span class='ocrx_word' id='word_1_199' title='bbox 333 3165 362 3218; x_wconf 90' lang='lat' dir='ltr'><strong>in</strong></span> <span class='ocrx_word' id='word_1_200' title='bbox 375 3185 403 3220; x_wconf 90' lang='lat' dir='ltr'><strong>sc</strong></span> <span class='ocrx_word' id='word_1_201' title='bbox 423 3166 473 3221; x_wconf 89' lang='lat' dir='ltr'><strong>olis</strong></span> <span class='ocrx_word' id='word_1_202' title='bbox 485 3165 652 3238; x_wconf 86' lang='lat' dir='ltr'><strong>Depositios</strong></span> <span class='ocrx_word' id='word_1_203' title='bbox 689 3162 796 3230; x_wconf 68' lang='lat' dir='ltr'><strong>illator,</strong></span> <span class='ocrx_word' id='word_1_204' title='bbox 816 3175 866 3222; x_wconf 86' lang='lat' dir='ltr'><strong>etc.</strong></span> <span class='ocrx_word' id='word_1_205' title='bbox 879 3174 992 3222; x_wconf 88' lang='lat' dir='ltr'><strong>auctore</strong></span> <span class='ocrx_word' id='word_1_206' title='bbox 1003 3165 1067 3222; x_wconf 84' lang='lat' dir='ltr'><strong>Fri·-</strong></span> 
     </span>
     <span class='ocr_line' id='line_1_26' title="bbox 192 3185 748 3294; baseline -0.007 0"><span class='ocrx_word' id='word_1_207' title='bbox 192 3239 269 3294; x_wconf 72' lang='lat' dir='ltr'><strong>erico</strong></span> <span class='ocrx_word' id='word_1_208' title='bbox 337 3235 479 3290; x_wconf 86' lang='lat' dir='ltr'><strong>itebeando</strong></span> <span class='ocrx_word' id='word_1_209' title='bbox 499 3255 524 3291; x_wconf 89' lang='grc' dir='ltr'><strong>ι.</strong></span> <span class='ocrx_word' id='word_1_210' title='bbox 536 3185 748 3290; x_wconf 71' lang='lat' dir='ltr'><strong>MDLxlltlt.</strong></span> 
     </span>
    </p>
   </div>
   <div class='ocr_carea' id='block_1_9' title="bbox 88 3401 1070 3712">
    <p class='ocr_par' dir='ltr' id='par_1_9' title="bbox 88 3401 1070 3712">
     <span class='ocr_line' id='line_1_27' title="bbox 90 3401 1070 3494; baseline 0.001 -16"><span class='ocrx_word' id='word_1_211' title='bbox 90 3404 265 3482; x_wconf 84' lang='lat' dir='ltr'><strong>Iudicium</strong></span> <span class='ocrx_word' id='word_1_212' title='bbox 292 3402 476 3480; x_wconf 81' lang='lat' dir='ltr'><strong>reverendi</strong></span> <span class='ocrx_word' id='word_1_213' title='bbox 499 3413 531 3478; x_wconf 89' lang='lat' dir='ltr'><strong>ct</strong></span> <span class='ocrx_word' id='word_1_214' title='bbox 558 3405 763 3478; x_wconf 82' lang='lat' dir='ltr'><strong>clars&#39;ssimi</strong></span> <span class='ocrx_word' id='word_1_215' title='bbox 788 3403 876 3494; x_wconf 83' lang='lat' dir='ltr'><strong>viri,</strong></span> <span class='ocrx_word' id='word_1_216' title='bbox 905 3401 1070 3479; x_wconf 85' lang='lat' dir='ltr'><strong>Domini</strong></span> 
     </span>
     <span class='ocr_line' id='line_1_28' title="bbox 88 3501 1067 3610; baseline 0.003 -30"><span class='ocrx_word' id='word_1_217' title='bbox 88 3505 303 3610; x_wconf 82' lang='lat' dir='ltr'><strong>Philippi</strong></span> <span class='ocrx_word' id='word_1_218' title='bbox 335 3501 696 3596; x_wconf 80' lang='lat' dir='ltr'><strong>Melanthonis,</strong></span> <span class='ocrx_word' id='word_1_219' title='bbox 732 3507 818 3606; x_wconf 82' lang='lat' dir='ltr'><strong>piae</strong></span> <span class='ocrx_word' id='word_1_220' title='bbox 852 3519 884 3580; x_wconf 86' lang='lat' dir='ltr'><strong>et</strong></span> <span class='ocrx_word' id='word_1_221' title='bbox 916 3519 1067 3584; x_wconf 84' lang='lat' dir='ltr'><strong>sanctae</strong></span> 
     </span>
     <span class='ocr_line' id='line_1_29' title="bbox 89 3607 1066 3712; baseline 0.001 -30"><span class='ocrx_word' id='word_1_222' title='bbox 89 3613 294 3699; x_wconf 81' lang='lat' dir='ltr'><strong>memoriae,</strong></span> <span class='ocrx_word' id='word_1_223' title='bbox 319 3608 362 3684; x_wconf 84' lang='lat' dir='ltr'><strong>de</strong></span> <span class='ocrx_word' id='word_1_224' title='bbox 374 3609 615 3712; x_wconf 84' lang='lat' dir='ltr'><strong>Depositione</strong></span> <span class='ocrx_word' id='word_1_225' title='bbox 631 3613 671 3682; x_wconf 83' lang='grc' dir='ltr'><strong>ιἰι</strong></span> <span class='ocrx_word' id='word_1_226' title='bbox 685 3607 898 3685; x_wconf 83' lang='lat' dir='ltr'><strong>Academiis</strong></span> <span class='ocrx_word' id='word_1_227' title='bbox 913 3611 1066 3690; x_wconf 82' lang='lat' dir='ltr'><strong>usitata.</strong></span> 
     </span>
    </p>
   </div>
   <div class='ocr_carea' id='block_1_10' title="bbox 84 3771 1066 4489">
    <p class='ocr_par' dir='ltr' id='par_1_10' title="bbox 84 3771 1066 4489">
     <span class='ocr_line' id='line_1_30' title="bbox 88 3771 1066 3869; baseline -0.005 -14"><span class='ocrx_word' id='word_1_228' title='bbox 88 3771 350 3855; x_wconf 79' lang='lat' dir='ltr'><strong>Nazianzenus</strong></span> <span class='ocrx_word' id='word_1_229' title='bbox 368 3793 506 3860; x_wconf 88' lang='lat' dir='ltr'><strong>narrat,</strong></span> <span class='ocrx_word' id='word_1_230' title='bbox 532 3779 600 3851; x_wconf 92' lang='lat' dir='ltr'><strong>sibi</strong></span> <span class='ocrx_word' id='word_1_231' title='bbox 618 3773 685 3850; x_wconf 92' lang='lat' dir='ltr'><strong>hoc</strong></span> <span class='ocrx_word' id='word_1_232' title='bbox 699 3773 852 3851; x_wconf 84' lang='lat' dir='ltr'><strong>Athenis</strong></span> <span class='ocrx_word' id='word_1_233' title='bbox 868 3779 1066 3869; x_wconf 79' lang='lat' dir='ltr'><strong>contigisse,</strong></span> 
     </span>
     <span class='ocr_line' id='line_1_31' title="bbox 85 3879 1065 3966; baseline -0.004 -10"><span class='ocrx_word' id='word_1_234' title='bbox 85 3885 142 3956; x_wconf 94' lang='lat' dir='ltr'><strong>ubi</strong></span> <span class='ocrx_word' id='word_1_235' title='bbox 158 3885 226 3956; x_wconf 84' lang='lat' dir='ltr'><strong>tuit</strong></span> <span class='ocrx_word' id='word_1_236' title='bbox 240 3881 328 3954; x_wconf 92' lang='lat' dir='ltr'><strong>olim</strong></span> <span class='ocrx_word' id='word_1_237' title='bbox 345 3881 570 3952; x_wconf 87' lang='lat' dir='ltr'><strong>celeberrima</strong></span> <span class='ocrx_word' id='word_1_238' title='bbox 587 3879 797 3966; x_wconf 87' lang='lat' dir='ltr'><strong>Academia,</strong></span> <span class='ocrx_word' id='word_1_239' title='bbox 823 3905 903 3952; x_wconf 90' lang='lat' dir='ltr'><strong>cum</strong></span> <span class='ocrx_word' id='word_1_240' title='bbox 921 3883 1065 3953; x_wconf 89' lang='lat' dir='ltr'><strong>balneas</strong></span> 
     </span>
     <span class='ocr_line' id='line_1_32' title="bbox 84 3979 1064 4080; baseline -0.002 -24"><span class='ocrx_word' id='word_1_241' title='bbox 84 3989 195 4058; x_wconf 86' lang='lat' dir='ltr'><strong>luisset</strong></span> <span class='ocrx_word' id='word_1_242' title='bbox 210 3985 402 4076; x_wconf 71' lang='lat' dir='ltr'><strong>ingressus,</strong></span> <span class='ocrx_word' id='word_1_243' title='bbox 427 3997 649 4076; x_wconf 78' lang='lat' dir='ltr'><strong>agnoverunt</strong></span> <span class='ocrx_word' id='word_1_244' title='bbox 662 4009 743 4056; x_wconf 91' lang='lat' dir='ltr'><strong>eum</strong></span> <span class='ocrx_word' id='word_1_245' title='bbox 759 3984 903 4080; x_wconf 89' lang='lat' dir='ltr'><strong>quidam</strong></span> <span class='ocrx_word' id='word_1_246' title='bbox 920 4009 960 4055; x_wconf 85' lang='lat' dir='ltr'><strong>ex</strong></span> <span class='ocrx_word' id='word_1_247' title='bbox 976 3979 1064 4056; x_wconf 92' lang='lat' dir='ltr'><strong>Phi-</strong></span> 
     </span>
     <span class='ocr_line' id='line_1_33' title="bbox 85 4085 1062 4184; baseline -0.002 -26"><span class='ocrx_word' id='word_1_248' title='bbox 85 4085 255 4184; x_wconf 90' lang='lat' dir='ltr'><strong>losophis,</strong></span> <span class='ocrx_word' id='word_1_249' title='bbox 287 4088 350 4182; x_wconf 89' lang='lat' dir='ltr'><strong>qui</strong></span> <span class='ocrx_word' id='word_1_250' title='bbox 382 4099 468 4157; x_wconf 91' lang='lat' dir='ltr'><strong>tuuc</strong></span> <span class='ocrx_word' id='word_1_251' title='bbox 500 4111 572 4157; x_wconf 88' lang='lat' dir='ltr'><strong>una</strong></span> <span class='ocrx_word' id='word_1_252' title='bbox 601 4089 765 4173; x_wconf 89' lang='lat' dir='ltr'><strong>aderaut,</strong></span> <span class='ocrx_word' id='word_1_253' title='bbox 803 4098 853 4170; x_wconf 90' lang='lat' dir='ltr'><strong>et,</strong></span> <span class='ocrx_word' id='word_1_254' title='bbox 883 4097 1062 4177; x_wconf 81' lang='lat' dir='ltr'><strong>arreptum</strong></span> 
     </span>
     <span class='ocr_line' id='line_1_34' title="bbox 85 4188 1061 4285; baseline -0.006 -21"><span class='ocrx_word' id='word_1_255' title='bbox 85 4217 177 4272; x_wconf 85' lang='lat' dir='ltr'><strong>curn,</strong></span> <span class='ocrx_word' id='word_1_256' title='bbox 201 4213 292 4285; x_wconf 89' lang='lat' dir='ltr'><strong>aqua</strong></span> <span class='ocrx_word' id='word_1_257' title='bbox 310 4188 438 4280; x_wconf 78' lang='lat' dir='ltr'><strong>frigida</strong></span> <span class='ocrx_word' id='word_1_258' title='bbox 456 4191 688 4280; x_wconf 85' lang='lat' dir='ltr'><strong>perfuderunt</strong></span> <span class='ocrx_word' id='word_1_259' title='bbox 706 4213 745 4259; x_wconf 93' lang='lat' dir='ltr'><strong>ac</strong></span> <span class='ocrx_word' id='word_1_260' title='bbox 762 4211 889 4280; x_wconf 90' lang='lat' dir='ltr'><strong>corpus</strong></span> <span class='ocrx_word' id='word_1_261' title='bbox 909 4191 1061 4282; x_wconf 84' lang='lat' dir='ltr'><strong>qrsadam</strong></span> 
     </span>
     <span class='ocr_line' id='line_1_35' title="bbox 85 4287 1062 4386; baseline 0 -24"><span class='ocrx_word' id='word_1_262' title='bbox 85 4294 263 4386; x_wconf 67' lang='lat' dir='ltr'><strong>nigredine</strong></span> <span class='ocrx_word' id='word_1_263' title='bbox 293 4292 546 4366; x_wconf 80' lang='lat' dir='ltr'><strong>deformatum.</strong></span> <span class='ocrx_word' id='word_1_264' title='bbox 608 4289 705 4362; x_wconf 91' lang='lat' dir='ltr'><strong>ldem</strong></span> <span class='ocrx_word' id='word_1_265' title='bbox 736 4292 902 4362; x_wconf 88' lang='lat' dir='ltr'><strong>accidisse</strong></span> <span class='ocrx_word' id='word_1_266' title='bbox 927 4287 1062 4362; x_wconf 86' lang='lat' dir='ltr'><strong>Basilio</strong></span> 
     </span>
     <span class='ocr_line' id='line_1_36' title="bbox 84 4393 616 4489; baseline 0.004 -23"><span class='ocrx_word' id='word_1_267' title='bbox 84 4395 230 4489; x_wconf 81' lang='lat' dir='ltr'><strong>Magno,</strong></span> <span class='ocrx_word' id='word_1_268' title='bbox 256 4407 405 4468; x_wconf 88' lang='lat' dir='ltr'><strong>testatur</strong></span> <span class='ocrx_word' id='word_1_269' title='bbox 421 4393 495 4486; x_wconf 89' lang='lat' dir='ltr'><strong>ipse</strong></span> <span class='ocrx_word' id='word_1_270' title='bbox 511 4394 616 4468; x_wconf 89' lang='lat' dir='ltr'><strong>idem.</strong></span> 
     </span>
    </p>
   </div>
   <div class='ocr_carea' id='block_1_11' title="bbox 76 4575 1063 5676">
    <p class='ocr_par' dir='ltr' id='par_1_11' title="bbox 76 4575 1063 5594">
     <span class='ocr_line' id='line_1_37' title="bbox 179 4575 1062 4674; baseline 0.002 -26"><span class='ocrx_word' id='word_1_271' title='bbox 179 4581 294 4656; x_wconf 80' lang='lat' dir='ltr'><strong>Vetus</strong></span> <span class='ocrx_word' id='word_1_272' title='bbox 311 4580 429 4674; x_wconf 82' lang='lat' dir='ltr'><strong>itaque</strong></span> <span class='ocrx_word' id='word_1_273' title='bbox 452 4605 529 4652; x_wconf 91' lang='lat' dir='ltr'><strong>mos</strong></span> <span class='ocrx_word' id='word_1_274' title='bbox 552 4581 636 4664; x_wconf 82' lang='lat' dir='ltr'><strong>luit,</strong></span> <span class='ocrx_word' id='word_1_275' title='bbox 662 4595 695 4651; x_wconf 90' lang='lat' dir='ltr'><strong>et</strong></span> <span class='ocrx_word' id='word_1_276' title='bbox 719 4576 835 4652; x_wconf 91' lang='lat' dir='ltr'><strong>adhuc</strong></span> <span class='ocrx_word' id='word_1_277' title='bbox 850 4593 901 4651; x_wconf 86' lang='lat' dir='ltr'><strong>est</strong></span> <span class='ocrx_word' id='word_1_278' title='bbox 916 4579 952 4650; x_wconf 94' lang='lat' dir='ltr'><strong>in</strong></span> <span class='ocrx_word' id='word_1_279' title='bbox 970 4575 1062 4650; x_wconf 80' lang='lat' dir='ltr'><strong>Aca-</strong></span> 
     </span>
     <span class='ocr_line' id='line_1_38' title="bbox 76 4678 1062 4776; baseline -0.002 -22"><span class='ocrx_word' id='word_1_280' title='bbox 76 4685 220 4770; x_wconf 87' lang='lat' dir='ltr'><strong>demiis,</strong></span> <span class='ocrx_word' id='word_1_281' title='bbox 245 4697 287 4754; x_wconf 93' lang='lat' dir='ltr'><strong>ut</strong></span> <span class='ocrx_word' id='word_1_282' title='bbox 308 4707 485 4753; x_wconf 89' lang='lat' dir='ltr'><strong>novorum</strong></span> <span class='ocrx_word' id='word_1_283' title='bbox 507 4678 693 4754; x_wconf 89' lang='lat' dir='ltr'><strong>hominum</strong></span> <span class='ocrx_word' id='word_1_284' title='bbox 718 4709 780 4754; x_wconf 89' lang='lat' dir='ltr'><strong>seu</strong></span> <span class='ocrx_word' id='word_1_285' title='bbox 795 4683 1062 4776; x_wconf 90' lang='lat' dir='ltr'><strong>discipulorum,</strong></span> 
     </span>
     <span class='ocr_line' id='line_1_39' title="bbox 78 4781 1060 4880; baseline -0.004 -24"><span class='ocrx_word' id='word_1_286' title='bbox 78 4781 381 4879; x_wconf 84' lang='lat' dir='ltr'><strong>Beunorrsmque,</strong></span> <span class='ocrx_word' id='word_1_287' title='bbox 415 4785 478 4878; x_wconf 92' lang='lat' dir='ltr'><strong>qui</strong></span> <span class='ocrx_word' id='word_1_288' title='bbox 513 4810 548 4856; x_wconf 91' lang='lat' dir='ltr'><strong>se</strong></span> <span class='ocrx_word' id='word_1_289' title='bbox 579 4787 619 4854; x_wconf 91' lang='lat' dir='ltr'><strong>iu</strong></span> <span class='ocrx_word' id='word_1_290' title='bbox 645 4785 874 4856; x_wconf 89' lang='lat' dir='ltr'><strong>Academiam</strong></span> <span class='ocrx_word' id='word_1_291' title='bbox 906 4785 1060 4880; x_wconf 87' lang='lat' dir='ltr'><strong>aliquam</strong></span> 
     </span>
     <span class='ocr_line' id='line_1_40' title="bbox 77 4887 1062 4982; baseline -0.002 -24"><span class='ocrx_word' id='word_1_292' title='bbox 77 4893 282 4974; x_wconf 78' lang='lat' dir='ltr'><strong>conterunt,</strong></span> <span class='ocrx_word' id='word_1_293' title='bbox 314 4887 457 4978; x_wconf 70' lang='lat' dir='ltr'><strong>ingenia</strong></span> <span class='ocrx_word' id='word_1_294' title='bbox 486 4889 698 4982; x_wconf 84' lang='lat' dir='ltr'><strong>quibusdam</strong></span> <span class='ocrx_word' id='word_1_295' title='bbox 723 4889 884 4958; x_wconf 87' lang='lat' dir='ltr'><strong>ridiculis</strong></span> <span class='ocrx_word' id='word_1_296' title='bbox 907 4909 1062 4957; x_wconf 88' lang='lat' dir='ltr'><strong>ceremo-</strong></span> 
     </span>
     <span class='ocr_line' id='line_1_41' title="bbox 77 4989 1060 5084; baseline -0.003 -24"><span class='ocrx_word' id='word_1_297' title='bbox 77 4995 146 5062; x_wconf 88' lang='lat' dir='ltr'><strong>niis</strong></span> <span class='ocrx_word' id='word_1_298' title='bbox 164 5019 202 5064; x_wconf 89' lang='lat' dir='ltr'><strong>ac</strong></span> <span class='ocrx_word' id='word_1_299' title='bbox 219 4991 467 5062; x_wconf 83' lang='lat' dir='ltr'><strong>vexationibus</strong></span> <span class='ocrx_word' id='word_1_300' title='bbox 484 4991 769 5082; x_wconf 77' lang='lat' dir='ltr'><strong>explorarentur,</strong></span> <span class='ocrx_word' id='word_1_301' title='bbox 793 5005 898 5084; x_wconf 86' lang='lat' dir='ltr'><strong>atque</strong></span> <span class='ocrx_word' id='word_1_302' title='bbox 920 4989 1060 5058; x_wconf 90' lang='lat' dir='ltr'><strong>mitiora</strong></span> 
     </span>
     <span class='ocr_line' id='line_1_42' title="bbox 77 5088 1063 5166; baseline 0.002 -6"><span class='ocrx_word' id='word_1_303' title='bbox 77 5097 320 5166; x_wconf 83' lang='lat' dir='ltr'><strong>redderentur.</strong></span> <span class='ocrx_word' id='word_1_304' title='bbox 372 5089 488 5164; x_wconf 91' lang='lat' dir='ltr'><strong>Simul</strong></span> <span class='ocrx_word' id='word_1_305' title='bbox 509 5107 624 5164; x_wconf 89' lang='lat' dir='ltr'><strong>autem</strong></span> <span class='ocrx_word' id='word_1_306' title='bbox 640 5107 758 5164; x_wconf 90' lang='lat' dir='ltr'><strong>munet</strong></span> <span class='ocrx_word' id='word_1_307' title='bbox 773 5088 859 5162; x_wconf 89' lang='lat' dir='ltr'><strong>haec</strong></span> <span class='ocrx_word' id='word_1_308' title='bbox 875 5092 1011 5162; x_wconf 87' lang='lat' dir='ltr'><strong>vexatio</strong></span> <span class='ocrx_word' id='word_1_309' title='bbox 1028 5105 1063 5162; x_wconf 92' lang='lat' dir='ltr'><strong>et</strong></span> 
     </span>
     <span class='ocr_line' id='line_1_43' title="bbox 78 5193 1062 5284; baseline 0 -22"><span class='ocrx_word' id='word_1_310' title='bbox 78 5195 209 5282; x_wconf 85' lang='lat' dir='ltr'><strong>illusio,</strong></span> <span class='ocrx_word' id='word_1_311' title='bbox 230 5195 361 5266; x_wconf 89' lang='lat' dir='ltr'><strong>multas</strong></span> <span class='ocrx_word' id='word_1_312' title='bbox 377 5193 526 5264; x_wconf 85' lang='lat' dir='ltr'><strong>iuiu&#39;rias</strong></span> <span class='ocrx_word' id='word_1_313' title='bbox 543 5209 576 5265; x_wconf 91' lang='lat' dir='ltr'><strong>ct</strong></span> <span class='ocrx_word' id='word_1_314' title='bbox 593 5195 816 5266; x_wconf 90' lang='lat' dir='ltr'><strong>dishcnltates</strong></span> <span class='ocrx_word' id='word_1_315' title='bbox 832 5195 870 5262; x_wconf 95' lang='lat' dir='ltr'><strong>in</strong></span> <span class='ocrx_word' id='word_1_316' title='bbox 886 5193 986 5264; x_wconf 91' lang='lat' dir='ltr'><strong>omni</strong></span> <span class='ocrx_word' id='word_1_317' title='bbox 1002 5216 1062 5284; x_wconf 81' lang='lat' dir='ltr'><strong>ge-</strong></span> 
     </span>
     <span class='ocr_line' id='line_1_44' title="bbox 78 5297 1061 5390; baseline 0.001 -26"><span class='ocrx_word' id='word_1_318' title='bbox 78 5321 162 5369; x_wconf 85' lang='lat' dir='ltr'><strong>nere</strong></span> <span class='ocrx_word' id='word_1_319' title='bbox 182 5301 276 5368; x_wconf 81' lang='lat' dir='ltr'><strong>vitae</strong></span> <span class='ocrx_word' id='word_1_320' title='bbox 298 5309 333 5368; x_wconf 93' lang='lat' dir='ltr'><strong>et</strong></span> <span class='ocrx_word' id='word_1_321' title='bbox 353 5297 577 5368; x_wconf 88' lang='lat' dir='ltr'><strong>vocationum</strong></span> <span class='ocrx_word' id='word_1_322' title='bbox 605 5297 779 5383; x_wconf 91' lang='lat' dir='ltr'><strong>accidere,</strong></span> <span class='ocrx_word' id='word_1_323' title='bbox 804 5318 932 5390; x_wconf 89' lang='lat' dir='ltr'><strong>easque</strong></span> <span class='ocrx_word' id='word_1_324' title='bbox 950 5319 1061 5388; x_wconf 89' lang='lat' dir='ltr'><strong>aequo</strong></span> 
     </span>
     <span class='ocr_line' id='line_1_45' title="bbox 79 5397 1062 5484; baseline -0.003 -16"><span class='ocrx_word' id='word_1_325' title='bbox 79 5407 197 5472; x_wconf 84' lang='lat' dir='ltr'><strong>animo</strong></span> <span class='ocrx_word' id='word_1_326' title='bbox 218 5399 400 5484; x_wconf 82' lang='lat' dir='ltr'><strong>terendas,</strong></span> <span class='ocrx_word' id='word_1_327' title='bbox 425 5423 470 5467; x_wconf 90' lang='lat' dir='ltr'><strong>ne</strong></span> <span class='ocrx_word' id='word_1_328' title='bbox 491 5401 582 5468; x_wconf 87' lang='lat' dir='ltr'><strong>lorte</strong></span> <span class='ocrx_word' id='word_1_329' title='bbox 601 5401 639 5467; x_wconf 95' lang='lat' dir='ltr'><strong>in</strong></span> <span class='ocrx_word' id='word_1_330' title='bbox 659 5399 773 5470; x_wconf 90' lang='lat' dir='ltr'><strong>maius</strong></span> <span class='ocrx_word' id='word_1_331' title='bbox 790 5398 923 5468; x_wconf 89' lang='lat' dir='ltr'><strong>malum</strong></span> <span class='ocrx_word' id='word_1_332' title='bbox 942 5397 1062 5466; x_wconf 88' lang='lat' dir='ltr'><strong>incur·</strong></span> 
     </span>
     <span class='ocr_line' id='line_1_46' title="bbox 80 5499 1060 5594; baseline -0.003 -24"><span class='ocrx_word' id='word_1_333' title='bbox 80 5525 132 5570; x_wconf 88' lang='lat' dir='ltr'><strong>ras</strong></span> <span class='ocrx_word' id='word_1_334' title='bbox 149 5519 206 5572; x_wconf 89' lang='lat' dir='ltr'><strong>tna</strong></span> <span class='ocrx_word' id='word_1_335' title='bbox 228 5501 460 5594; x_wconf 83' lang='lat' dir='ltr'><strong>impatientia.</strong></span> <span class='ocrx_word' id='word_1_336' title='bbox 515 5499 622 5570; x_wconf 81' lang='lat' dir='ltr'><strong>Ferre</strong></span> <span class='ocrx_word' id='word_1_337' title='bbox 640 5502 776 5572; x_wconf 91' lang='lat' dir='ltr'><strong>minora</strong></span> <span class='ocrx_word' id='word_1_338' title='bbox 793 5501 896 5586; x_wconf 88' lang='lat' dir='ltr'><strong>volo,</strong></span> <span class='ocrx_word' id='word_1_339' title='bbox 921 5523 966 5568; x_wconf 91' lang='lat' dir='ltr'><strong>ne</strong></span> <span class='ocrx_word' id='word_1_340' title='bbox 984 5521 1060 5588; x_wconf 82' lang='lat' dir='ltr'><strong>gra-</strong></span> 
     </span>
    </p>

    <p class='ocr_par' dir='ltr' id='par_1_12' title="bbox 131 5605 629 5676">
     <span class='ocr_line' id='line_1_47' title="bbox 131 5605 629 5676; baseline 0 -2"><span class='ocrx_word' id='word_1_341' title='bbox 131 5609 310 5676; x_wconf 67' lang='lat' dir='ltr'><strong>dicum.</strong></span> <span class='ocrx_word' id='word_1_342' title='bbox 340 5607 445 5674; x_wconf 84' lang='lat' dir='ltr'><strong>Oeen.</strong></span> <span class='ocrx_word' id='word_1_343' title='bbox 471 5607 555 5674; x_wconf 76' lang='lat' dir='ltr'><strong>vor..</strong></span> <span class='ocrx_word' id='word_1_344' title='bbox 582 5605 629 5674; x_wconf 83' lang='lat' dir='ltr'><strong>X.</strong></span> 
     </span>
    </p>
   </div>
   <div class='ocr_carea' id='block_1_12' title="bbox 1118 1215 2060 1315">
    <p class='ocr_par' dir='ltr' id='par_1_13' title="bbox 1118 1215 2060 1315">
     <span class='ocr_line' id='line_1_48' title="bbox 1118 1215 2060 1315; baseline 0.025 -31"><span class='ocrx_word' id='word_1_345' title='bbox 1118 1215 1331 1289; x_wconf 88' lang='lat' dir='ltr'><strong>delectemus</strong></span> <span class='ocrx_word' id='word_1_346' title='bbox 1344 1222 1515 1294; x_wconf 88' lang='lat' dir='ltr'><strong>suavitate</strong></span> <span class='ocrx_word' id='word_1_347' title='bbox 1531 1225 1643 1312; x_wconf 88' lang='lat' dir='ltr'><strong>vitae,</strong></span> <span class='ocrx_word' id='word_1_348' title='bbox 1669 1242 1705 1300; x_wconf 87' lang='lat' dir='ltr'><strong>et</strong></span> <span class='ocrx_word' id='word_1_349' title='bbox 1721 1231 1885 1315; x_wconf 83' lang='lat' dir='ltr'><strong>scandala</strong></span> <span class='ocrx_word' id='word_1_350' title='bbox 1899 1233 2060 1308; x_wconf 88' lang='lat' dir='ltr'><strong>vitemus.</strong></span> 
     </span>
    </p>
   </div>
   <div class='ocr_carea' id='block_1_13' title="bbox 1116 1349 2109 1666">
    <p class='ocr_par' dir='ltr' id='par_1_14' title="bbox 1116 1349 2109 1666">
     <span class='ocr_line' id='line_1_49' title="bbox 1221 1349 2109 1461; baseline 0.023 -41"><span class='ocrx_word' id='word_1_351' title='bbox 1221 1349 1356 1424; x_wconf 85' lang='lat' dir='ltr'><strong>Vinum</strong></span> <span class='ocrx_word' id='word_1_352' title='bbox 1379 1356 1488 1450; x_wconf 88' lang='lat' dir='ltr'><strong>capiti</strong></span> <span class='ocrx_word' id='word_1_353' title='bbox 1510 1361 1851 1452; x_wconf 80' lang='lat' dir='ltr'><strong>superinfunditur,</strong></span> <span class='ocrx_word' id='word_1_354' title='bbox 1877 1385 2022 1461; x_wconf 89' lang='lat' dir='ltr'><strong>propter</strong></span> <span class='ocrx_word' id='word_1_355' title='bbox 2037 1369 2109 1440; x_wconf 91' lang='lat' dir='ltr'><strong>ele-</strong></span> 
     </span>
     <span class='ocr_line' id='line_1_50' title="bbox 1117 1450 2109 1570; baseline 0.023 -50"><span class='ocrx_word' id='word_1_356' title='bbox 1117 1450 1271 1570; x_wconf 78' lang='lat' dir='ltr'><strong>ctionem</strong></span> <span class='ocrx_word' id='word_1_357' title='bbox 1294 1458 1339 1525; x_wconf 91' lang='lat' dir='ltr'><strong>ad</strong></span> <span class='ocrx_word' id='word_1_358' title='bbox 1359 1451 1426 1528; x_wconf 91' lang='lat' dir='ltr'><strong>hoc</strong></span> <span class='ocrx_word' id='word_1_359' title='bbox 1442 1483 1553 1548; x_wconf 85' lang='lat' dir='ltr'><strong>genus</strong></span> <span class='ocrx_word' id='word_1_360' title='bbox 1570 1465 1683 1544; x_wconf 90' lang='lat' dir='ltr'><strong>vitae,</strong></span> <span class='ocrx_word' id='word_1_361' title='bbox 1711 1488 1774 1536; x_wconf 89' lang='lat' dir='ltr'><strong>seu</strong></span> <span class='ocrx_word' id='word_1_362' title='bbox 1790 1469 1835 1538; x_wconf 91' lang='lat' dir='ltr'><strong>ad</strong></span> <span class='ocrx_word' id='word_1_363' title='bbox 1853 1463 1944 1540; x_wconf 91' lang='lat' dir='ltr'><strong>hanc</strong></span> <span class='ocrx_word' id='word_1_364' title='bbox 1961 1473 2109 1564; x_wconf 89' lang='lat' dir='ltr'><strong>provin·</strong></span> 
     </span>
     <span class='ocr_line' id='line_1_51' title="bbox 1116 1559 2109 1666; baseline 0.024 -42"><span class='ocrx_word' id='word_1_365' title='bbox 1116 1577 1206 1624; x_wconf 89' lang='lat' dir='ltr'><strong>cram</strong></span> <span class='ocrx_word' id='word_1_366' title='bbox 1232 1559 1514 1644; x_wconf 78' lang='lat' dir='ltr'><strong>gubernandam.</strong></span> <span class='ocrx_word' id='word_1_367' title='bbox 1566 1561 1649 1635; x_wconf 91' lang='lat' dir='ltr'><strong>Mos</strong></span> <span class='ocrx_word' id='word_1_368' title='bbox 1672 1567 1766 1636; x_wconf 92' lang='lat' dir='ltr'><strong>enim</strong></span> <span class='ocrx_word' id='word_1_369' title='bbox 1782 1571 1851 1640; x_wconf 86' lang='lat' dir='ltr'><strong>luit</strong></span> <span class='ocrx_word' id='word_1_370' title='bbox 1867 1574 2041 1666; x_wconf 85' lang='lat' dir='ltr'><strong>antiquis,</strong></span> <span class='ocrx_word' id='word_1_371' title='bbox 2067 1589 2109 1648; x_wconf 90' lang='lat' dir='ltr'><strong>ut</strong></span> 
     </span>
    </p>
   </div>
   <div class='ocr_carea' id='block_1_14' title="bbox 1116 1663 2109 1831">
    <p class='ocr_par' dir='ltr' id='par_1_15' title="bbox 1116 1663 2109 1831">
     <span class='ocr_line' id='line_1_52' title="bbox 1116 1663 2109 1776; baseline 0.022 -52"><span class='ocrx_word' id='word_1_372' title='bbox 1116 1677 1213 1746; x_wconf 83' lang='lat' dir='ltr'><strong>reges</strong></span> <span class='ocrx_word' id='word_1_373' title='bbox 1229 1671 1263 1776; x_wconf 79' lang='lat' dir='ltr'><strong>ct</strong></span> <span class='ocrx_word' id='word_1_374' title='bbox 1274 1663 1471 1734; x_wconf 90' lang='lat' dir='ltr'><strong>sacerdotes</strong></span> <span class='ocrx_word' id='word_1_375' title='bbox 1484 1681 1702 1756; x_wconf 79' lang='lat' dir='ltr'><strong>ungerentur</strong></span> <span class='ocrx_word' id='word_1_376' title='bbox 1715 1671 1760 1739; x_wconf 89' lang='lat' dir='ltr'><strong>ad</strong></span> <span class='ocrx_word' id='word_1_377' title='bbox 1777 1671 1983 1744; x_wconf 89' lang='lat' dir='ltr'><strong>electionem</strong></span> <span class='ocrx_word' id='word_1_378' title='bbox 2002 1671 2109 1748; x_wconf 92' lang='lat' dir='ltr'><strong>huius</strong></span> 
     </span>
     <span class='ocr_line' id='line_1_53' title="bbox 1116 1781 1285 1831; baseline 0.03 -5"><span class='ocrx_word' id='word_1_379' title='bbox 1116 1781 1285 1831; x_wconf 73' lang='lat' dir='ltr'><strong>muueris.</strong></span> 
     </span>
    </p>
   </div>
   <div class='ocr_carea' id='block_1_15' title="bbox 1218 1893 2111 2002">
    <p class='ocr_par' dir='ltr' id='par_1_16' title="bbox 1218 1893 2111 2002">
     <span class='ocr_line' id='line_1_54' title="bbox 1218 1893 2111 2002; baseline 0.02 -37"><span class='ocrx_word' id='word_1_380' title='bbox 1218 1893 1314 1967; x_wconf 90' lang='lat' dir='ltr'><strong>Haec</strong></span> <span class='ocrx_word' id='word_1_381' title='bbox 1329 1901 1450 1971; x_wconf 88' lang='lat' dir='ltr'><strong>omnia</strong></span> <span class='ocrx_word' id='word_1_382' title='bbox 1467 1901 1689 1976; x_wconf 88' lang='lat' dir='ltr'><strong>considerare</strong></span> <span class='ocrx_word' id='word_1_383' title='bbox 1705 1909 1810 1980; x_wconf 90' lang='lat' dir='ltr'><strong>debet</strong></span> <span class='ocrx_word' id='word_1_384' title='bbox 1825 1915 1904 2002; x_wconf 91' lang='lat' dir='ltr'><strong>pius</strong></span> <span class='ocrx_word' id='word_1_385' title='bbox 1920 1913 2111 1997; x_wconf 90' lang='lat' dir='ltr'><strong>studiosus,</strong></span> 
     </span>
    </p>
   </div>
   <div class='ocr_carea' id='block_1_16' title="bbox 1095 1995 2110 2190">
    <p class='ocr_par' dir='ltr' id='par_1_17' title="bbox 1095 1995 2110 2190">
     <span class='ocr_line' id='line_1_55' title="bbox 1116 1995 2110 2106; baseline 0.022 -42"><span class='ocrx_word' id='word_1_386' title='bbox 1116 2009 1152 2066; x_wconf 91' lang='lat' dir='ltr'><strong>et</strong></span> <span class='ocrx_word' id='word_1_387' title='bbox 1168 1995 1216 2096; x_wconf 78' lang='lat' dir='ltr'><strong>ita</strong></span> <span class='ocrx_word' id='word_1_388' title='bbox 1232 2023 1352 2088; x_wconf 81' lang='lat' dir='ltr'><strong>regere</strong></span> <span class='ocrx_word' id='word_1_389' title='bbox 1369 2002 1498 2090; x_wconf 89' lang='lat' dir='ltr'><strong>vitam,</strong></span> <span class='ocrx_word' id='word_1_390' title='bbox 1525 2019 1563 2076; x_wconf 93' lang='lat' dir='ltr'><strong>ut</strong></span> <span class='ocrx_word' id='word_1_391' title='bbox 1580 2019 1615 2076; x_wconf 90' lang='lat' dir='ltr'><strong>et</strong></span> <span class='ocrx_word' id='word_1_392' title='bbox 1628 2003 1805 2080; x_wconf 84' lang='lat' dir='ltr'><strong>Ecclesiae</strong></span> <span class='ocrx_word' id='word_1_393' title='bbox 1822 2025 1856 2082; x_wconf 91' lang='lat' dir='ltr'><strong>et</strong></span> <span class='ocrx_word' id='word_1_394' title='bbox 1874 2011 2110 2106; x_wconf 87' lang='lat' dir='ltr'><strong>Reipublicae</strong></span> 
     </span>
     <span class='ocr_line' id='line_1_56' title="bbox 1095 2097 1678 2190; baseline 0.022 -24"><span class='ocrx_word' id='word_1_395' title='bbox 1095 2100 1248 2190; x_wconf 83' lang='lat' dir='ltr'><strong>prosit,</strong></span> <span class='ocrx_word' id='word_1_396' title='bbox 1275 2116 1308 2172; x_wconf 89' lang='lat' dir='ltr'><strong>et</strong></span> <span class='ocrx_word' id='word_1_397' title='bbox 1323 2097 1531 2177; x_wconf 88' lang='lat' dir='ltr'><strong>honorificet</strong></span> <span class='ocrx_word' id='word_1_398' title='bbox 1549 2105 1678 2180; x_wconf 89' lang='lat' dir='ltr'><strong>Deum.</strong></span> 
     </span>
    </p>
   </div>
   <div class='ocr_carea' id='block_1_17' title="bbox 1118 2233 2111 2428">
    <p class='ocr_par' dir='ltr' id='par_1_18' title="bbox 1118 2233 2111 2428">
     <span class='ocr_line' id='line_1_57' title="bbox 1192 2233 2111 2428; baseline 0.018 -123"><span class='ocrx_word' id='word_1_399' title='bbox 1192 2233 1339 2428; x_wconf 29' lang='lat' dir='ltr'><strong>&amp;Simul</strong></span> <span class='ocrx_word' id='word_1_400' title='bbox 1358 2253 1392 2311; x_wconf 89' lang='lat' dir='ltr'><strong>ct</strong></span> <span class='ocrx_word' id='word_1_401' title='bbox 1416 2241 1579 2313; x_wconf 88' lang='lat' dir='ltr'><strong>doctrina</strong></span> <span class='ocrx_word' id='word_1_402' title='bbox 1601 2243 1824 2336; x_wconf 80' lang='lat' dir='ltr'><strong>singulorum</strong></span> <span class='ocrx_word' id='word_1_403' title='bbox 1848 2242 1907 2322; x_wconf 90' lang='lat' dir='ltr'><strong>hic</strong></span> <span class='ocrx_word' id='word_1_404' title='bbox 1932 2251 2111 2322; x_wconf 78' lang='lat' dir='ltr'><strong>examine-</strong></span> 
     </span>
     <span class='ocr_line' id='line_1_58' title="bbox 1118 2351 1242 2410; baseline 0.024 -3"><span class='ocrx_word' id='word_1_405' title='bbox 1118 2351 1176 2407; x_wconf 86' lang='lat' dir='ltr'><strong>tur</strong></span> <span class='ocrx_word' id='word_1_406' title='bbox 1231 2385 1242 2410; x_wconf 84' lang='grc'><strong>.</strong></span> 
     </span>
    </p>
   </div>
   <div class='ocr_carea' id='block_1_18' title="bbox 1123 2511 1351 2527">
    <p class='ocr_par' dir='ltr' id='par_1_19' title="bbox 1123 2511 1351 2527">
     <span class='ocr_line' id='line_1_59' title="bbox 1123 2511 1351 2527; baseline 0.009 -2"><span class='ocrx_word' id='word_1_407' title='bbox 1123 2511 1351 2527; x_wconf 51' lang='grc' dir='ltr'><strong><em>Ἤ</em></strong></span> 
     </span>
    </p>
   </div>
   <div class='ocr_carea' id='block_1_19' title="bbox 1152 2617 2113 2817">
    <p class='ocr_par' dir='ltr' id='par_1_20' title="bbox 1152 2617 2113 2817">
     <span class='ocr_line' id='line_1_60' title="bbox 1152 2617 2113 2705; baseline 0.019 -32"><span class='ocrx_word' id='word_1_408' title='bbox 1152 2617 1180 2688; x_wconf 69' lang='lat' dir='ltr'><strong>*l</strong></span> <span class='ocrx_word' id='word_1_409' title='bbox 1207 2617 1316 2686; x_wconf 82' lang='lat' dir='ltr'><strong>Liceat,</strong></span> <span class='ocrx_word' id='word_1_410' title='bbox 1343 2620 1390 2704; x_wconf 80' lang='lat' dir='ltr'><strong>hic</strong></span> <span class='ocrx_word' id='word_1_411' title='bbox 1410 2621 1446 2676; x_wconf 87' lang='lat' dir='ltr'><strong>de</strong></span> <span class='ocrx_word' id='word_1_412' title='bbox 1469 2621 1648 2696; x_wconf 82' lang='lat' dir='ltr'><strong>depositionis</strong></span> <span class='ocrx_word' id='word_1_413' title='bbox 1668 2624 1724 2680; x_wconf 89' lang='lat' dir='ltr'><strong>ritu</strong></span> <span class='ocrx_word' id='word_1_414' title='bbox 1742 2628 1889 2686; x_wconf 71' lang='lat' dir='ltr'><strong>excudam</strong></span> <span class='ocrx_word' id='word_1_415' title='bbox 1910 2632 1999 2704; x_wconf 79' lang='lat' dir='ltr'><strong>libro,</strong></span> <span class='ocrx_word' id='word_1_416' title='bbox 2022 2652 2113 2705; x_wconf 84' lang='lat' dir='ltr'><strong>equo</strong></span> 
     </span>
     <span class='ocr_line' id='line_1_61' title="bbox 1185 2685 2112 2774; baseline 0.019 -32"><span class='ocrx_word' id='word_1_417' title='bbox 1185 2685 1252 2769; x_wconf 77' lang='lat' dir='ltr'><strong>haec</strong></span> <span class='ocrx_word' id='word_1_418' title='bbox 1263 2687 1396 2772; x_wconf 72' lang='lat' dir='ltr'><strong>descripta</strong></span> <span class='ocrx_word' id='word_1_419' title='bbox 1410 2701 1485 2760; x_wconf 83' lang='lat' dir='ltr'><strong>sant,</strong></span> <span class='ocrx_word' id='word_1_420' title='bbox 1503 2691 1619 2749; x_wconf 88' lang='lat' dir='ltr'><strong>adiicere</strong></span> <span class='ocrx_word' id='word_1_421' title='bbox 1631 2695 1773 2769; x_wconf 87' lang='lat' dir='ltr'><strong>quaedam,</strong></span> <span class='ocrx_word' id='word_1_422' title='bbox 1790 2715 1875 2768; x_wconf 85' lang='lat' dir='ltr'><strong>quum</strong></span> <span class='ocrx_word' id='word_1_423' title='bbox 1889 2699 1958 2756; x_wconf 88' lang='lat' dir='ltr'><strong>liber</strong></span> <span class='ocrx_word' id='word_1_424' title='bbox 1970 2703 2026 2774; x_wconf 85' lang='lat' dir='ltr'><strong>ipse</strong></span> <span class='ocrx_word' id='word_1_425' title='bbox 2039 2704 2112 2760; x_wconf 74' lang='lat' dir='ltr'><strong>inter</strong></span> 
     </span>
     <span class='ocr_line' id='line_1_62' title="bbox 1186 2759 1567 2817; baseline 0.018 -7"><span class='ocrx_word' id='word_1_426' title='bbox 1186 2775 1305 2812; x_wconf 82' lang='lat' dir='ltr'><strong>sartores</strong></span> <span class='ocrx_word' id='word_1_427' title='bbox 1320 2771 1355 2812; x_wconf 93' lang='grc' dir='ltr'><strong>ιιι</strong></span> <span class='ocrx_word' id='word_1_428' title='bbox 1372 2759 1567 2817; x_wconf 81' lang='lat' dir='ltr'><strong>numerandus.</strong></span> 
     </span>
    </p>
   </div>
   <div class='ocr_carea' id='block_1_20' title="bbox 1184 2865 2115 4056">
    <p class='ocr_par' dir='ltr' id='par_1_21' title="bbox 1184 2865 2115 4041">
     <span class='ocr_line' id='line_1_63' title="bbox 1220 2865 2114 2952; baseline 0.022 -22"><span class='ocrx_word' id='word_1_429' title='bbox 1220 2875 1408 2942; x_wconf 70' lang='lat' dir='ltr'><strong>Depositum</strong></span> <span class='ocrx_word' id='word_1_430' title='bbox 1431 2881 1642 2950; x_wconf 72' lang='grc' dir='ltr'>(ιιιιιιιιιιιιιι)</span> <span class='ocrx_word' id='word_1_431' title='bbox 1667 2877 1753 2948; x_wconf 72' lang='lat' dir='ltr'><strong>cisoa,</strong></span> <span class='ocrx_word' id='word_1_432' title='bbox 1781 2897 1838 2952; x_wconf 80' lang='lat' dir='ltr'><strong>quo</strong></span> <span class='ocrx_word' id='word_1_433' title='bbox 1863 2865 1909 2946; x_wconf 73' lang='lat' dir='ltr'><strong>,ia</strong></span> <span class='ocrx_word' id='word_1_434' title='bbox 1934 2897 2057 2943; x_wconf 76' lang='lat' dir='ltr'><strong>retentes</strong></span> <span class='ocrx_word' id='word_1_435' title='bbox 2084 2891 2114 2945; x_wconf 82' lang='lat' dir='ltr'><strong>ta</strong></span> 
     </span>
     <span class='ocr_line' id='line_1_64' title="bbox 1187 2946 2114 3016; baseline 0.011 -14"><span class='ocrx_word' id='word_1_436' title='bbox 1187 2947 1366 3002; x_wconf 78' lang='lat' dir='ltr'><strong>Academiam</strong></span> <span class='ocrx_word' id='word_1_437' title='bbox 1383 2949 1544 3016; x_wconf 81' lang='lat' dir='ltr'><strong>veniebant,</strong></span> <span class='ocrx_word' id='word_1_438' title='bbox 1564 2949 1659 3002; x_wconf 85' lang='lat' dir='ltr'><strong>Beoesi</strong></span> <span class='ocrx_word' id='word_1_439' title='bbox 1674 2946 1739 3002; x_wconf 88' lang='lat' dir='ltr'><strong>dicti</strong></span> <span class='ocrx_word' id='word_1_440' title='bbox 1754 2951 1811 3016; x_wconf 62' lang='lat'><strong>(¹³),</strong></span> <span class='ocrx_word' id='word_1_441' title='bbox 1836 2949 2015 3008; x_wconf 81' lang='lat' dir='ltr'><strong>initiabantur</strong></span> <span class='ocrx_word' id='word_1_442' title='bbox 2030 2975 2045 3010; x_wconf 92' lang='lat' dir='ltr'><strong>a</strong></span> <span class='ocrx_word' id='word_1_443' title='bbox 2062 2976 2114 3012; x_wconf 90' lang='lat' dir='ltr'><strong>so·</strong></span> 
     </span>
     <span class='ocr_line' id='line_1_65' title="bbox 1188 3015 2113 3100; baseline 0.013 -29"><span class='ocrx_word' id='word_1_444' title='bbox 1188 3015 1254 3084; x_wconf 86' lang='lat' dir='ltr'><strong>ciis,</strong></span> <span class='ocrx_word' id='word_1_445' title='bbox 1279 3015 1319 3071; x_wconf 87' lang='lat' dir='ltr'><strong>sic</strong></span> <span class='ocrx_word' id='word_1_446' title='bbox 1336 3035 1365 3070; x_wconf 90' lang='lat' dir='ltr'><strong>sa</strong></span> <span class='ocrx_word' id='word_1_447' title='bbox 1379 3017 1488 3089; x_wconf 89' lang='lat' dir='ltr'><strong>habuit,</strong></span> <span class='ocrx_word' id='word_1_448' title='bbox 1513 3029 1543 3070; x_wconf 89' lang='lat' dir='ltr'><strong>ut</strong></span> <span class='ocrx_word' id='word_1_449' title='bbox 1559 3035 1650 3074; x_wconf 79' lang='lat' dir='ltr'><strong>novus</strong></span> <span class='ocrx_word' id='word_1_450' title='bbox 1662 3017 1853 3086; x_wconf 88' lang='lat' dir='ltr'><strong>scholasticus,</strong></span> <span class='ocrx_word' id='word_1_451' title='bbox 1877 3023 2017 3078; x_wconf 87' lang='lat' dir='ltr'><strong>cornubus</strong></span> <span class='ocrx_word' id='word_1_452' title='bbox 2030 3025 2113 3100; x_wconf 89' lang='lat' dir='ltr'><strong>capiti</strong></span> 
     </span>
     <span class='ocr_line' id='line_1_66' title="bbox 1187 3086 2114 3164; baseline 0.009 -25"><span class='ocrx_word' id='word_1_453' title='bbox 1187 3103 1239 3141; x_wconf 90' lang='lat' dir='ltr'><strong>suo</strong></span> <span class='ocrx_word' id='word_1_454' title='bbox 1250 3088 1394 3155; x_wconf 83' lang='lat' dir='ltr'><strong>appositis,</strong></span> <span class='ocrx_word' id='word_1_455' title='bbox 1420 3087 1603 3158; x_wconf 85' lang='lat' dir='ltr'><strong>deponeretur</strong></span> <span class='ocrx_word' id='word_1_456' title='bbox 1616 3086 1645 3140; x_wconf 92' lang='lat' dir='ltr'><strong>in</strong></span> <span class='ocrx_word' id='word_1_457' title='bbox 1660 3086 1767 3152; x_wconf 87' lang='lat' dir='ltr'><strong>tabula,</strong></span> <span class='ocrx_word' id='word_1_458' title='bbox 1792 3097 1845 3142; x_wconf 94' lang='grc' dir='ltr'><strong>ιιι</strong></span> <span class='ocrx_word' id='word_1_459' title='bbox 1860 3093 2036 3164; x_wconf 73' lang='lat' dir='ltr'><strong>depositum,</strong></span> <span class='ocrx_word' id='word_1_460' title='bbox 2060 3097 2114 3151; x_wconf 85' lang='lat' dir='ltr'><strong>ad-</strong></span> 
     </span>
     <span class='ocr_line' id='line_1_67' title="bbox 1187 3154 2113 3230; baseline 0.012 -22"><span class='ocrx_word' id='word_1_461' title='bbox 1187 3154 1344 3210; x_wconf 84' lang='lat' dir='ltr'><strong>iuvantibus</strong></span> <span class='ocrx_word' id='word_1_462' title='bbox 1364 3156 1423 3210; x_wconf 90' lang='lat' dir='ltr'><strong>sliia</strong></span> <span class='ocrx_word' id='word_1_463' title='bbox 1435 3156 1532 3225; x_wconf 87' lang='lat' dir='ltr'><strong>sociis,</strong></span> <span class='ocrx_word' id='word_1_464' title='bbox 1557 3157 1739 3210; x_wconf 85' lang='lat' dir='ltr'><strong>mundabatur</strong></span> <span class='ocrx_word' id='word_1_465' title='bbox 1752 3167 1778 3210; x_wconf 91' lang='lat' dir='ltr'><strong>et</strong></span> <span class='ocrx_word' id='word_1_466' title='bbox 1792 3157 1988 3230; x_wconf 68' lang='lat' dir='ltr'><strong>corrigebatur.</strong></span> <span class='ocrx_word' id='word_1_467' title='bbox 2024 3158 2113 3222; x_wconf 85' lang='lat' dir='ltr'><strong>llabet</strong></span> 
     </span>
     <span class='ocr_line' id='line_1_68' title="bbox 1187 3223 2115 3295; baseline 0.004 -19"><span class='ocrx_word' id='word_1_468' title='bbox 1187 3223 1235 3278; x_wconf 89' lang='lat' dir='ltr'><strong>ille</strong></span> <span class='ocrx_word' id='word_1_469' title='bbox 1255 3223 1327 3276; x_wconf 90' lang='lat' dir='ltr'><strong>liber</strong></span> <span class='ocrx_word' id='word_1_470' title='bbox 1340 3225 1373 3278; x_wconf 92' lang='lat' dir='ltr'><strong>de</strong></span> <span class='ocrx_word' id='word_1_471' title='bbox 1388 3224 1557 3295; x_wconf 87' lang='lat' dir='ltr'><strong>depositione</strong></span> <span class='ocrx_word' id='word_1_472' title='bbox 1570 3224 1650 3278; x_wconf 80' lang='lat' dir='ltr'><strong>haec:</strong></span> <span class='ocrx_word' id='word_1_473' title='bbox 1673 3261 1694 3294; x_wconf 87' lang='lat'>„</span> <span class='ocrx_word' id='word_1_474' title='bbox 1702 3227 1842 3294; x_wconf 81' lang='lat' dir='ltr'><strong>Depositis</strong></span> <span class='ocrx_word' id='word_1_475' title='bbox 1855 3237 1895 3280; x_wconf 91' lang='lat' dir='ltr'><strong>eat</strong></span> <span class='ocrx_word' id='word_1_476' title='bbox 1909 3229 1976 3284; x_wconf 90' lang='lat' dir='ltr'><strong>ritus</strong></span> <span class='ocrx_word' id='word_1_477' title='bbox 1989 3229 2017 3284; x_wconf 90' lang='lat' dir='ltr'><strong>in</strong></span> <span class='ocrx_word' id='word_1_478' title='bbox 2032 3235 2115 3289; x_wconf 79' lang='lat' dir='ltr'><strong>scho-</strong></span> 
     </span>
     <span class='ocr_line' id='line_1_69' title="bbox 1187 3292 2114 3366; baseline 0.004 -20"><span class='ocrx_word' id='word_1_479' title='bbox 1187 3292 1221 3346; x_wconf 92' lang='lat' dir='ltr'><strong>lis</strong></span> <span class='ocrx_word' id='word_1_480' title='bbox 1234 3293 1363 3361; x_wconf 86' lang='lat' dir='ltr'><strong>usitatus,</strong></span> <span class='ocrx_word' id='word_1_481' title='bbox 1379 3313 1394 3348; x_wconf 92' lang='lat' dir='ltr'><strong>a</strong></span> <span class='ocrx_word' id='word_1_482' title='bbox 1408 3293 1558 3347; x_wconf 87' lang='lat' dir='ltr'><strong>maioribus</strong></span> <span class='ocrx_word' id='word_1_483' title='bbox 1572 3294 1721 3366; x_wconf 89' lang='lat' dir='ltr'><strong>institutus,</strong></span> <span class='ocrx_word' id='word_1_484' title='bbox 1739 3293 1809 3348; x_wconf 86' lang='lat' dir='ltr'><strong>lusui</strong></span> <span class='ocrx_word' id='word_1_485' title='bbox 1823 3293 1917 3350; x_wconf 91' lang='lat' dir='ltr'><strong>iocoso</strong></span> <span class='ocrx_word' id='word_1_486' title='bbox 1931 3301 2114 3358; x_wconf 79' lang='lat' dir='ltr'><strong>non-absimi-</strong></span> 
     </span>
     <span class='ocr_line' id='line_1_70' title="bbox 1189 3361 2113 3440; baseline 0.011 -24"><span class='ocrx_word' id='word_1_487' title='bbox 1189 3362 1222 3416; x_wconf 94' lang='lat' dir='ltr'><strong>lis</strong></span> <span class='ocrx_word' id='word_1_488' title='bbox 1241 3392 1275 3404; x_wconf 93' lang='lat'><strong>-·</strong></span> <span class='ocrx_word' id='word_1_489' title='bbox 1294 3381 1403 3434; x_wconf 82' lang='lat' dir='ltr'><strong>-quc</strong></span> <span class='ocrx_word' id='word_1_490' title='bbox 1427 3361 1550 3416; x_wconf 89' lang='lat' dir='ltr'><strong>animum</strong></span> <span class='ocrx_word' id='word_1_491' title='bbox 1574 3363 1680 3416; x_wconf 83' lang='lat' dir='ltr'><strong>avitiis</strong></span> <span class='ocrx_word' id='word_1_492' title='bbox 1704 3361 1813 3436; x_wconf 73' lang='lat' dir='ltr'><strong>purgari</strong></span> <span class='ocrx_word' id='word_1_493' title='bbox 1841 3363 1986 3422; x_wconf 83' lang='lat' dir='ltr'><strong>voluer&#39;uat</strong></span> <span class='ocrx_word' id='word_1_494' title='bbox 2005 3371 2055 3440; x_wconf 88' lang='lat' dir='ltr'><strong>ita,</strong></span> <span class='ocrx_word' id='word_1_495' title='bbox 2082 3385 2113 3428; x_wconf 90' lang='lat' dir='ltr'><strong>ut</strong></span> 
     </span>
     <span class='ocr_line' id='line_1_71' title="bbox 1187 3429 2113 3511; baseline 0.013 -26"><span class='ocrx_word' id='word_1_496' title='bbox 1187 3433 1310 3486; x_wconf 87' lang='lat' dir='ltr'><strong>membra</strong></span> <span class='ocrx_word' id='word_1_497' title='bbox 1333 3431 1466 3486; x_wconf 81' lang='lat' dir='ltr'><strong>anteriora</strong></span> <span class='ocrx_word' id='word_1_498' title='bbox 1493 3433 1555 3498; x_wconf 88' lang='lat' dir='ltr'><strong>[usu</strong></span> <span class='ocrx_word' id='word_1_499' title='bbox 1575 3429 1653 3498; x_wconf 87' lang='lat' dir='ltr'><strong>salis,</strong></span> <span class='ocrx_word' id='word_1_500' title='bbox 1679 3445 1707 3486; x_wconf 93' lang='grc' dir='ltr'><strong>ιιι</strong></span> <span class='ocrx_word' id='word_1_501' title='bbox 1728 3453 1758 3484; x_wconf 84' lang='grc' dir='ltr'><strong>ιι</strong></span> <span class='ocrx_word' id='word_1_502' title='bbox 1778 3432 1836 3486; x_wconf 84' lang='grc' dir='ltr'>ιΙίἰι</span> <span class='ocrx_word' id='word_1_503' title='bbox 1855 3433 2045 3508; x_wconf 73' lang='lat' dir='ltr'><strong>colligendum</strong></span> <span class='ocrx_word' id='word_1_504' title='bbox 2058 3443 2113 3511; x_wconf 87' lang='lat' dir='ltr'><strong>est]</strong></span> 
     </span>
     <span class='ocr_line' id='line_1_72' title="bbox 1187 3500 2112 3570; baseline 0.011 -15"><span class='ocrx_word' id='word_1_505' title='bbox 1187 3519 1203 3556; x_wconf 93' lang='lat' dir='ltr'><strong>a</strong></span> <span class='ocrx_word' id='word_1_506' title='bbox 1218 3500 1345 3554; x_wconf 90' lang='lat' dir='ltr'><strong>sordibus</strong></span> <span class='ocrx_word' id='word_1_507' title='bbox 1360 3501 1528 3554; x_wconf 88' lang='lat' dir='ltr'><strong>mundantur</strong></span> <span class='ocrx_word' id='word_1_508' title='bbox 1541 3519 1555 3552; x_wconf 93' lang='lat' dir='ltr'><strong>a</strong></span> <span class='ocrx_word' id='word_1_509' title='bbox 1572 3501 1760 3569; x_wconf 85' lang='lat' dir='ltr'><strong>depositione,</strong></span> <span class='ocrx_word' id='word_1_510' title='bbox 1778 3502 1885 3570; x_wconf 73' lang='lat' dir='ltr'><strong>singula</strong></span> <span class='ocrx_word' id='word_1_511' title='bbox 1899 3505 1981 3560; x_wconf 86' lang='lat' dir='ltr'><strong>armis</strong></span> <span class='ocrx_word' id='word_1_512' title='bbox 1996 3510 2052 3564; x_wconf 87' lang='lat' dir='ltr'><strong>suis</strong></span> <span class='ocrx_word' id='word_1_513' title='bbox 2067 3523 2112 3565; x_wconf 91' lang='lat' dir='ltr'><strong>at·</strong></span> 
     </span>
     <span class='ocr_line' id='line_1_73' title="bbox 1188 3569 2114 3649; baseline 0.012 -25"><span class='ocrx_word' id='word_1_514' title='bbox 1188 3579 1323 3638; x_wconf 86' lang='lat' dir='ltr'><strong>tentante,</strong></span> <span class='ocrx_word' id='word_1_515' title='bbox 1355 3580 1381 3624; x_wconf 91' lang='grc' dir='ltr'><strong>ιι</strong></span> <span class='ocrx_word' id='word_1_516' title='bbox 1401 3569 1536 3624; x_wconf 83' lang='lat' dir='ltr'><strong>nodosum</strong></span> <span class='ocrx_word' id='word_1_517' title='bbox 1560 3571 1676 3624; x_wconf 86' lang='lat' dir='ltr'><strong>distorto</strong></span> <span class='ocrx_word' id='word_1_518' title='bbox 1695 3572 1795 3624; x_wconf 90' lang='lat' dir='ltr'><strong>robore</strong></span> <span class='ocrx_word' id='word_1_519' title='bbox 1816 3579 1947 3626; x_wconf 86' lang='lat' dir='ltr'><strong>truncum</strong></span> <span class='ocrx_word' id='word_1_520' title='bbox 1972 3579 2114 3649; x_wconf 88' lang='lat' dir='ltr'><strong>tondente,</strong></span> 
     </span>
     <span class='ocr_line' id='line_1_74' title="bbox 1187 3638 2113 3718; baseline 0.013 -26"><span class='ocrx_word' id='word_1_521' title='bbox 1187 3650 1309 3698; x_wconf 84' lang='lat' dir='ltr'><strong>secante.</strong></span> <span class='ocrx_word' id='word_1_522' title='bbox 1334 3639 1465 3708; x_wconf 91' lang='lat' dir='ltr'><strong>radente,</strong></span> <span class='ocrx_word' id='word_1_523' title='bbox 1491 3638 1611 3698; x_wconf 83' lang='lat' dir='ltr'><strong>lavante.</strong></span> <span class='ocrx_word' id='word_1_524' title='bbox 1638 3640 1785 3712; x_wconf 76' lang='lat' dir='ltr'><strong>levigante,</strong></span> <span class='ocrx_word' id='word_1_525' title='bbox 1811 3639 1941 3708; x_wconf 85' lang='lat' dir='ltr'><strong>limante,</strong></span> <span class='ocrx_word' id='word_1_526' title='bbox 1965 3647 2113 3718; x_wconf 87' lang='lat' dir='ltr'><strong>scalpente,</strong></span> 
     </span>
     <span class='ocr_line' id='line_1_75' title="bbox 1187 3707 2112 3782; baseline 0.009 -22"><span class='ocrx_word' id='word_1_527' title='bbox 1187 3707 1346 3778; x_wconf 83' lang='lat' dir='ltr'><strong>scalpente,</strong></span> <span class='ocrx_word' id='word_1_528' title='bbox 1365 3710 1509 3774; x_wconf 85' lang='lat' dir='ltr'><strong>scabente,</strong></span> <span class='ocrx_word' id='word_1_529' title='bbox 1529 3717 1664 3774; x_wconf 85' lang='lat' dir='ltr'><strong>tornantc,</strong></span> <span class='ocrx_word' id='word_1_530' title='bbox 1681 3709 1843 3780; x_wconf 85' lang='lat' dir='ltr'><strong>terebrante,</strong></span> <span class='ocrx_word' id='word_1_531' title='bbox 1861 3711 2008 3782; x_wconf 80' lang='lat' dir='ltr'><strong>dividente,</strong></span> <span class='ocrx_word' id='word_1_532' title='bbox 2029 3735 2112 3772; x_wconf 83' lang='lat' dir='ltr'><strong>conr-</strong></span> 
     </span>
     <span class='ocr_line' id='line_1_76' title="bbox 1186 3777 2111 3855; baseline 0.01 -25"><span class='ocrx_word' id='word_1_533' title='bbox 1186 3787 1323 3849; x_wconf 90' lang='lat' dir='ltr'><strong>pouente,</strong></span> <span class='ocrx_word' id='word_1_534' title='bbox 1347 3777 1479 3844; x_wconf 78' lang='lat' dir='ltr'><strong>tricante,</strong></span> <span class='ocrx_word' id='word_1_535' title='bbox 1503 3777 1665 3846; x_wconf 88' lang='lat' dir='ltr'><strong>dedolante,</strong></span> <span class='ocrx_word' id='word_1_536' title='bbox 1692 3796 1825 3846; x_wconf 81' lang='lat' dir='ltr'><strong>currum,</strong></span> <span class='ocrx_word' id='word_1_537' title='bbox 1857 3781 1929 3850; x_wconf 85' lang='lat' dir='ltr'><strong>quod</strong></span> <span class='ocrx_word' id='word_1_538' title='bbox 1951 3793 2007 3855; x_wconf 91' lang='lat' dir='ltr'><strong>est,</strong></span> <span class='ocrx_word' id='word_1_539' title='bbox 2037 3799 2111 3844; x_wconf 85' lang='lat' dir='ltr'><strong>recte</strong></span> 
     </span>
     <span class='ocr_line' id='line_1_77' title="bbox 1186 3845 2111 3920; baseline 0.013 -21"><span class='ocrx_word' id='word_1_540' title='bbox 1186 3845 1336 3918; x_wconf 82' lang='lat' dir='ltr'><strong>ponente.‘’</strong></span> <span class='ocrx_word' id='word_1_541' title='bbox 1355 3875 1392 3888; x_wconf 89' lang='lat'>-</span> <span class='ocrx_word' id='word_1_542' title='bbox 1426 3847 1459 3900; x_wconf 91' lang='lat' dir='ltr'><strong>ln</strong></span> <span class='ocrx_word' id='word_1_543' title='bbox 1478 3847 1598 3902; x_wconf 85' lang='lat' dir='ltr'><strong>carmine</strong></span> <span class='ocrx_word' id='word_1_544' title='bbox 1614 3847 1647 3900; x_wconf 91' lang='lat' dir='ltr'><strong>de</strong></span> <span class='ocrx_word' id='word_1_545' title='bbox 1662 3848 1759 3900; x_wconf 68' lang='lat' dir='ltr'><strong>eodem</strong></span> <span class='ocrx_word' id='word_1_546' title='bbox 1774 3847 1847 3916; x_wconf 88' lang='lat' dir='ltr'><strong>ritu,</strong></span> <span class='ocrx_word' id='word_1_547' title='bbox 1867 3849 1940 3920; x_wconf 82' lang='lat' dir='ltr'><strong>qnod</strong></span> <span class='ocrx_word' id='word_1_548' title='bbox 1955 3852 2054 3908; x_wconf 86' lang='lat' dir='ltr'><strong>ibidem</strong></span> <span class='ocrx_word' id='word_1_549' title='bbox 2067 3856 2111 3910; x_wconf 90' lang='lat' dir='ltr'><strong>le·</strong></span> 
     </span>
     <span class='ocr_line' id='line_1_78' title="bbox 1184 3913 2108 4041; baseline 0.002 -71"><span class='ocrx_word' id='word_1_550' title='bbox 1184 3915 1514 4041; x_wconf 39' lang='grc' dir='ltr'><strong>ἕίῃιιιιι·ΙιῗὲιιίΙίιυιιιΙὶὶὶιιιὶιιιΙ</strong></span> <span class='ocrx_word' id='word_1_551' title='bbox 1525 3913 1599 4040; x_wconf 61' lang='lat' dir='ltr'><strong>citio:a</strong></span> <span class='ocrx_word' id='word_1_552' title='bbox 1611 3933 1670 3972; x_wconf 89' lang='lat' dir='ltr'><strong>csse</strong></span> <span class='ocrx_word' id='word_1_553' title='bbox 1684 3915 1800 3985; x_wconf 88' lang='lat' dir='ltr'><strong>dicitur,</strong></span> <span class='ocrx_word' id='word_1_554' title='bbox 1819 3928 1849 3972; x_wconf 93' lang='grc' dir='ltr'><strong>ιιι</strong></span> <span class='ocrx_word' id='word_1_555' title='bbox 1862 3937 1952 3979; x_wconf 80' lang='lat' dir='ltr'><strong>nurus</strong></span> <span class='ocrx_word' id='word_1_556' title='bbox 1965 3921 2108 3980; x_wconf 87' lang='lat' dir='ltr'><strong>scholasti.</strong></span> 
     </span>
    </p>

    <p class='ocr_par' dir='ltr' id='par_1_22' title="bbox 1247 4004 1648 4056">
     <span class='ocr_line' id='line_1_79' title="bbox 1247 4004 1648 4056; baseline -0.007 -16"><span class='ocrx_word' id='word_1_557' title='bbox 1247 4005 1289 4040; x_wconf 90' lang='lat' dir='ltr'><strong>ea</strong></span> <span class='ocrx_word' id='word_1_558' title='bbox 1321 4005 1364 4040; x_wconf 93' lang='lat' dir='ltr'><strong>se</strong></span> <span class='ocrx_word' id='word_1_559' title='bbox 1388 4004 1418 4040; x_wconf 86' lang='lat' dir='ltr'><strong>su</strong></span> <span class='ocrx_word' id='word_1_560' title='bbox 1452 4004 1498 4038; x_wconf 88' lang='grc' dir='ltr'>ιιιιι</span> <span class='ocrx_word' id='word_1_561' title='bbox 1528 4004 1559 4056; x_wconf 94' lang='lat' dir='ltr'><strong>sp</strong></span> <span class='ocrx_word' id='word_1_562' title='bbox 1602 4004 1648 4039; x_wconf 83' lang='lat' dir='ltr'><strong>nss</strong></span> 
     </span>
    </p>
   </div>
   <div class='ocr_carea' id='block_1_21' title="bbox 1216 4109 2037 4396">
    <p class='ocr_par' dir='ltr' id='par_1_23' title="bbox 1216 4109 2037 4396">
     <span class='ocr_line' id='line_1_80' title="bbox 1217 4109 2032 4192; baseline 0 -18"><span class='ocrx_word' id='word_1_563' title='bbox 1217 4109 1393 4188; x_wconf 80' lang='lat' dir='ltr'><strong>,Depositus</strong></span> <span class='ocrx_word' id='word_1_564' title='bbox 1412 4118 1547 4190; x_wconf 71' lang='lat' dir='ltr'><strong>longeque</strong></span> <span class='ocrx_word' id='word_1_565' title='bbox 1564 4118 1650 4192; x_wconf 72' lang='lat' dir='ltr'><strong>gradu</strong></span> <span class='ocrx_word' id='word_1_566' title='bbox 1668 4119 1800 4175; x_wconf 73' lang='lat' dir='ltr'><strong>inferiore</strong></span> <span class='ocrx_word' id='word_1_567' title='bbox 1817 4119 1921 4175; x_wconf 87' lang='lat' dir='ltr'><strong>locatus</strong></span> <span class='ocrx_word' id='word_1_568' title='bbox 2029 4113 2032 4118; x_wconf 58' lang='grc'>’</span> 
     </span>
     <span class='ocr_line' id='line_1_81' title="bbox 1216 4153 2037 4264; baseline -0.004 -21"><span class='ocrx_word' id='word_1_569' title='bbox 1216 4153 1331 4262; x_wconf 49' lang='lat' dir='ltr'><strong>§erpere</strong></span> <span class='ocrx_word' id='word_1_570' title='bbox 1351 4189 1434 4244; x_wconf 87' lang='lat' dir='ltr'><strong>discat</strong></span> <span class='ocrx_word' id='word_1_571' title='bbox 1452 4189 1544 4250; x_wconf 85' lang='lat' dir='ltr'><strong>humi,</strong></span> <span class='ocrx_word' id='word_1_572' title='bbox 1572 4190 1743 4260; x_wconf 84' lang='lat' dir='ltr'><strong>caudamque</strong></span> <span class='ocrx_word' id='word_1_573' title='bbox 1761 4192 1900 4242; x_wconf 87' lang='lat' dir='ltr'><strong>remittere</strong></span> <span class='ocrx_word' id='word_1_574' title='bbox 1917 4190 2037 4264; x_wconf 68' lang='lat' dir='ltr'><strong>supplex,</strong></span> 
     </span>
     <span class='ocr_line' id='line_1_82' title="bbox 1218 4256 1948 4322; baseline -0.001 -10"><span class='ocrx_word' id='word_1_575' title='bbox 1218 4259 1259 4312; x_wconf 83' lang='lat' dir='ltr'><strong>Ne</strong></span> <span class='ocrx_word' id='word_1_576' title='bbox 1277 4261 1350 4313; x_wconf 81' lang='lat' dir='ltr'><strong>solet</strong></span> <span class='ocrx_word' id='word_1_577' title='bbox 1367 4268 1429 4312; x_wconf 91' lang='lat' dir='ltr'><strong>aute</strong></span> <span class='ocrx_word' id='word_1_578' title='bbox 1448 4257 1520 4310; x_wconf 89' lang='lat' dir='ltr'><strong>diem</strong></span> <span class='ocrx_word' id='word_1_579' title='bbox 1540 4259 1665 4312; x_wconf 88' lang='lat' dir='ltr'><strong>nondum</strong></span> <span class='ocrx_word' id='word_1_580' title='bbox 1684 4257 1870 4312; x_wconf 84' lang='lat' dir='ltr'><strong>crescentibus</strong></span> <span class='ocrx_word' id='word_1_581' title='bbox 1888 4256 1948 4322; x_wconf 86' lang='lat' dir='ltr'><strong>alis,</strong></span> 
     </span>
     <span class='ocr_line' id='line_1_83' title="bbox 1219 4325 1917 4396; baseline 0.003 -18"><span class='ocrx_word' id='word_1_582' title='bbox 1219 4325 1332 4396; x_wconf 87' lang='lat' dir='ltr'><strong>Verbis,</strong></span> <span class='ocrx_word' id='word_1_583' title='bbox 1356 4326 1516 4385; x_wconf 79' lang='lat' dir='ltr'><strong>verberibus</strong></span> <span class='ocrx_word' id='word_1_584' title='bbox 1536 4339 1656 4384; x_wconf 84' lang='lat' dir='ltr'><strong>mentem</strong></span> <span class='ocrx_word' id='word_1_585' title='bbox 1674 4338 1778 4380; x_wconf 87' lang='lat' dir='ltr'><strong>mutare</strong></span> <span class='ocrx_word' id='word_1_586' title='bbox 1798 4335 1917 4380; x_wconf 87' lang='lat' dir='ltr'><strong>coactns.</strong></span> 
     </span>
    </p>
   </div>
   <div class='ocr_carea' id='block_1_22' title="bbox 1217 4461 2109 5298">
    <p class='ocr_par' dir='ltr' id='par_1_24' title="bbox 1217 4461 2109 5298">
     <span class='ocr_line' id='line_1_84' title="bbox 1253 4461 1972 4536; baseline 0.001 -17"><span class='ocrx_word' id='word_1_587' title='bbox 1253 4463 1303 4520; x_wconf 88' lang='lat' dir='ltr'><strong>llic</strong></span> <span class='ocrx_word' id='word_1_588' title='bbox 1322 4465 1402 4520; x_wconf 85' lang='lat' dir='ltr'><strong>arnris</strong></span> <span class='ocrx_word' id='word_1_589' title='bbox 1421 4483 1490 4536; x_wconf 82' lang='lat' dir='ltr'><strong>oprss</strong></span> <span class='ocrx_word' id='word_1_590' title='bbox 1509 4475 1563 4532; x_wconf 89' lang='grc' dir='ltr'>ιιι,</span> <span class='ocrx_word' id='word_1_591' title='bbox 1587 4463 1669 4520; x_wconf 83' lang='lat' dir='ltr'><strong>variis</strong></span> <span class='ocrx_word' id='word_1_592' title='bbox 1688 4481 1757 4536; x_wconf 88' lang='lat' dir='ltr'><strong>opus</strong></span> <span class='ocrx_word' id='word_1_593' title='bbox 1774 4461 1972 4535; x_wconf 86' lang='lat' dir='ltr'><strong>instrumentis,</strong></span> 
     </span>
     <span class='ocr_line' id='line_1_85' title="bbox 1218 4533 2031 4609; baseline 0.005 -21"><span class='ocrx_word' id='word_1_594' title='bbox 1218 4533 1280 4590; x_wconf 88' lang='lat' dir='ltr'><strong>lluc</strong></span> <span class='ocrx_word' id='word_1_595' title='bbox 1298 4533 1401 4590; x_wconf 90' lang='lat' dir='ltr'><strong>directa</strong></span> <span class='ocrx_word' id='word_1_596' title='bbox 1419 4533 1485 4587; x_wconf 87' lang='lat' dir='ltr'><strong>mihi</strong></span> <span class='ocrx_word' id='word_1_597' title='bbox 1505 4543 1561 4590; x_wconf 91' lang='lat' dir='ltr'><strong>tota</strong></span> <span class='ocrx_word' id='word_1_598' title='bbox 1580 4543 1635 4604; x_wconf 90' lang='lat' dir='ltr'><strong>est,</strong></span> <span class='ocrx_word' id='word_1_599' title='bbox 1657 4549 1737 4604; x_wconf 76' lang='lat' dir='ltr'><strong>qaam</strong></span> <span class='ocrx_word' id='word_1_600' title='bbox 1755 4543 1859 4600; x_wconf 87' lang='lat' dir='ltr'><strong>tracto,</strong></span> <span class='ocrx_word' id='word_1_601' title='bbox 1884 4537 2031 4609; x_wconf 73' lang='lat' dir='ltr'><strong>suppellex.</strong></span> 
     </span>
     <span class='ocr_line' id='line_1_86' title="bbox 1219 4599 1952 4675; baseline 0.001 -18"><span class='ocrx_word' id='word_1_602' title='bbox 1219 4604 1351 4670; x_wconf 86' lang='lat' dir='ltr'><strong>llorrida,</strong></span> <span class='ocrx_word' id='word_1_603' title='bbox 1375 4601 1503 4657; x_wconf 89' lang='lat' dir='ltr'><strong>materiae</strong></span> <span class='ocrx_word' id='word_1_604' title='bbox 1520 4601 1632 4669; x_wconf 84' lang='lat' dir='ltr'><strong>similis,</strong></span> <span class='ocrx_word' id='word_1_605' title='bbox 1657 4599 1701 4655; x_wconf 87' lang='lat' dir='ltr'><strong>cui</strong></span> <span class='ocrx_word' id='word_1_606' title='bbox 1722 4599 1811 4658; x_wconf 79' lang='lat' dir='ltr'><strong>iocans</strong></span> <span class='ocrx_word' id='word_1_607' title='bbox 1831 4617 1952 4675; x_wconf 86' lang='lat' dir='ltr'><strong>paratur,</strong></span> 
     </span>
     <span class='ocr_line' id='line_1_87' title="bbox 1218 4669 2087 4748; baseline 0.006 -20"><span class='ocrx_word' id='word_1_608' title='bbox 1218 4673 1312 4736; x_wconf 84' lang='lat' dir='ltr'><strong>Serra,</strong></span> <span class='ocrx_word' id='word_1_609' title='bbox 1334 4673 1458 4734; x_wconf 83' lang='lat' dir='ltr'><strong>dolabra,</strong></span> <span class='ocrx_word' id='word_1_610' title='bbox 1475 4671 1587 4730; x_wconf 88' lang='lat' dir='ltr'><strong>bidens.</strong></span> <span class='ocrx_word' id='word_1_611' title='bbox 1606 4671 1689 4742; x_wconf 85' lang='lat' dir='ltr'><strong>dens,</strong></span> <span class='ocrx_word' id='word_1_612' title='bbox 1707 4669 1794 4738; x_wconf 77' lang='lat' dir='ltr'><strong>clava,</strong></span> <span class='ocrx_word' id='word_1_613' title='bbox 1816 4674 1963 4746; x_wconf 77' lang='lat' dir='ltr'><strong>novacula,</strong></span> <span class='ocrx_word' id='word_1_614' title='bbox 1981 4687 2087 4748; x_wconf 78' lang='lat' dir='ltr'><strong>pecten,</strong></span> 
     </span>
     <span class='ocr_line' id='line_1_88' title="bbox 1220 4739 1968 4808; baseline 0.003 -14"><span class='ocrx_word' id='word_1_615' title='bbox 1220 4743 1292 4796; x_wconf 86' lang='lat' dir='ltr'><strong>Cum</strong></span> <span class='ocrx_word' id='word_1_616' title='bbox 1312 4741 1417 4796; x_wconf 90' lang='lat' dir='ltr'><strong>terebra</strong></span> <span class='ocrx_word' id='word_1_617' title='bbox 1435 4751 1547 4808; x_wconf 83' lang='lat' dir='ltr'><strong>turnus,</strong></span> <span class='ocrx_word' id='word_1_618' title='bbox 1568 4757 1630 4794; x_wconf 88' lang='lat' dir='ltr'><strong>eura</strong></span> <span class='ocrx_word' id='word_1_619' title='bbox 1649 4739 1716 4794; x_wconf 88' lang='lat' dir='ltr'><strong>lima</strong></span> <span class='ocrx_word' id='word_1_620' title='bbox 1735 4739 1863 4805; x_wconf 90' lang='lat' dir='ltr'><strong>malleus,</strong></span> <span class='ocrx_word' id='word_1_621' title='bbox 1881 4743 1968 4806; x_wconf 87' lang='lat' dir='ltr'><strong>incus,</strong></span> 
     </span>
     <span class='ocr_line' id='line_1_89' title="bbox 1218 4807 2060 4885; baseline -0.007 -19"><span class='ocrx_word' id='word_1_622' title='bbox 1218 4813 1369 4882; x_wconf 79' lang='lat' dir='ltr'><strong>Rastraque</strong></span> <span class='ocrx_word' id='word_1_623' title='bbox 1391 4827 1455 4864; x_wconf 87' lang='lat' dir='ltr'><strong>cum</strong></span> <span class='ocrx_word' id='word_1_624' title='bbox 1475 4809 1585 4872; x_wconf 87' lang='lat' dir='ltr'><strong>rostris,</strong></span> <span class='ocrx_word' id='word_1_625' title='bbox 1609 4825 1672 4864; x_wconf 85' lang='lat' dir='ltr'><strong>cum</strong></span> <span class='ocrx_word' id='word_1_626' title='bbox 1691 4807 1768 4864; x_wconf 84' lang='lat' dir='ltr'><strong>l&#39;urca</strong></span> <span class='ocrx_word' id='word_1_627' title='bbox 1787 4817 1812 4862; x_wconf 93' lang='lat' dir='ltr'><strong>et</strong></span> <span class='ocrx_word' id='word_1_628' title='bbox 1830 4807 1937 4883; x_wconf 77' lang='lat' dir='ltr'><strong>forcipe</strong></span> <span class='ocrx_word' id='word_1_629' title='bbox 1955 4813 2060 4885; x_wconf 65' lang='lat' dir='ltr'><strong>torpe„</strong></span> 
     </span>
     <span class='ocr_line' id='line_1_90' title="bbox 1218 4877 1900 4950; baseline -0.004 -15"><span class='ocrx_word' id='word_1_630' title='bbox 1218 4881 1266 4935; x_wconf 84' lang='lat' dir='ltr'><strong>llis</strong></span> <span class='ocrx_word' id='word_1_631' title='bbox 1284 4899 1335 4950; x_wconf 69' lang='lat' dir='ltr'><strong>ego</strong></span> <span class='ocrx_word' id='word_1_632' title='bbox 1356 4879 1501 4932; x_wconf 86' lang='lat' dir='ltr'><strong>distortum</strong></span> <span class='ocrx_word' id='word_1_633' title='bbox 1522 4879 1630 4932; x_wconf 85' lang='lat' dir='ltr'><strong>nodoso</strong></span> <span class='ocrx_word' id='word_1_634' title='bbox 1648 4877 1749 4932; x_wconf 89' lang='lat' dir='ltr'><strong>robore</strong></span> <span class='ocrx_word' id='word_1_635' title='bbox 1769 4886 1900 4932; x_wconf 83' lang='lat' dir='ltr'><strong>truncum</strong></span> 
     </span>
     <span class='ocr_line' id='line_1_91' title="bbox 1217 4947 1978 5020; baseline 0 -16"><span class='ocrx_word' id='word_1_636' title='bbox 1217 4947 1350 5016; x_wconf 82' lang='lat' dir='ltr'><strong>Tondeo,</strong></span> <span class='ocrx_word' id='word_1_637' title='bbox 1368 4949 1471 5015; x_wconf 89' lang='lat' dir='ltr'><strong>tundo,</strong></span> <span class='ocrx_word' id='word_1_638' title='bbox 1488 4961 1569 5010; x_wconf 83' lang='lat' dir='ltr'><strong>seco,</strong></span> <span class='ocrx_word' id='word_1_639' title='bbox 1587 4947 1669 5016; x_wconf 88' lang='lat' dir='ltr'><strong>rado,</strong></span> <span class='ocrx_word' id='word_1_640' title='bbox 1687 4947 1763 5012; x_wconf 83' lang='lat' dir='ltr'><strong>lavo,</strong></span> <span class='ocrx_word' id='word_1_641' title='bbox 1782 4947 1886 5020; x_wconf 75' lang='lat' dir='ltr'><strong>levigo,</strong></span> <span class='ocrx_word' id='word_1_642' title='bbox 1901 4949 1978 5018; x_wconf 89' lang='lat' dir='ltr'><strong>limo,</strong></span> 
     </span>
     <span class='ocr_line' id='line_1_92' title="bbox 1217 5013 2036 5086; baseline 0.004 -14"><span class='ocrx_word' id='word_1_643' title='bbox 1217 5019 1332 5086; x_wconf 81' lang='lat' dir='ltr'><strong>scalpo.</strong></span> <span class='ocrx_word' id='word_1_644' title='bbox 1349 5016 1461 5086; x_wconf 84' lang='lat' dir='ltr'><strong>sculpo,</strong></span> <span class='ocrx_word' id='word_1_645' title='bbox 1477 5015 1576 5082; x_wconf 76' lang='lat' dir='ltr'><strong>subo,</strong></span> <span class='ocrx_word' id='word_1_646' title='bbox 1594 5013 1686 5078; x_wconf 86' lang='lat' dir='ltr'><strong>iodio,</strong></span> <span class='ocrx_word' id='word_1_647' title='bbox 1707 5021 1899 5084; x_wconf 58' lang='lat' dir='ltr'><strong>teroflorno,</strong></span> <span class='ocrx_word' id='word_1_648' title='bbox 1918 5020 2036 5086; x_wconf 87' lang='lat' dir='ltr'><strong>terebro,</strong></span> 
     </span>
     <span class='ocr_line' id='line_1_93' title="bbox 1218 5083 1981 5155; baseline -0.005 -11"><span class='ocrx_word' id='word_1_649' title='bbox 1218 5087 1335 5149; x_wconf 82' lang='lat' dir='ltr'><strong>Dirido.</strong></span> <span class='ocrx_word' id='word_1_650' title='bbox 1353 5103 1507 5155; x_wconf 87' lang='lat' dir='ltr'><strong>compono,</strong></span> <span class='ocrx_word' id='word_1_651' title='bbox 1524 5083 1609 5148; x_wconf 82' lang='lat' dir='ltr'><strong>irico,</strong></span> <span class='ocrx_word' id='word_1_652' title='bbox 1628 5083 1746 5151; x_wconf 84' lang='lat' dir='ltr'><strong>dedolo,</strong></span> <span class='ocrx_word' id='word_1_653' title='bbox 1764 5086 1851 5152; x_wconf 92' lang='lat' dir='ltr'><strong>cudo,</strong></span> <span class='ocrx_word' id='word_1_654' title='bbox 1869 5089 1981 5152; x_wconf 80' lang='lat' dir='ltr'><strong>scendo,</strong></span> 
     </span>
     <span class='ocr_line' id='line_1_94' title="bbox 1217 5153 2001 5229; baseline 0.004 -21"><span class='ocrx_word' id='word_1_655' title='bbox 1217 5159 1245 5212; x_wconf 78' lang='lat' dir='ltr'><strong>Sl</strong></span> <span class='ocrx_word' id='word_1_656' title='bbox 1265 5173 1333 5229; x_wconf 87' lang='lat' dir='ltr'><strong>qua,</strong></span> <span class='ocrx_word' id='word_1_657' title='bbox 1351 5155 1464 5208; x_wconf 82' lang='lat' dir='ltr'><strong>iurante</strong></span> <span class='ocrx_word' id='word_1_658' title='bbox 1482 5155 1557 5217; x_wconf 85' lang='lat' dir='ltr'><strong>Deo,</strong></span> <span class='ocrx_word' id='word_1_659' title='bbox 1575 5164 1629 5208; x_wconf 90' lang='lat' dir='ltr'><strong>tam</strong></span> <span class='ocrx_word' id='word_1_660' title='bbox 1649 5169 1739 5206; x_wconf 88' lang='lat' dir='ltr'><strong>crasso</strong></span> <span class='ocrx_word' id='word_1_661' title='bbox 1758 5171 1773 5206; x_wconf 91' lang='lat' dir='ltr'><strong>e</strong></span> <span class='ocrx_word' id='word_1_662' title='bbox 1791 5153 1882 5224; x_wconf 84' lang='lat' dir='ltr'><strong>stipite</strong></span> <span class='ocrx_word' id='word_1_663' title='bbox 1900 5159 2001 5224; x_wconf 88' lang='lat' dir='ltr'><strong>possim</strong></span> 
     </span>
     <span class='ocr_line' id='line_1_95' title="bbox 1217 5221 2109 5298; baseline -0.004 -18"><span class='ocrx_word' id='word_1_664' title='bbox 1217 5229 1334 5298; x_wconf 71' lang='lat' dir='ltr'><strong>Pingere</strong></span> <span class='ocrx_word' id='word_1_665' title='bbox 1347 5223 1529 5292; x_wconf 86' lang='lat' dir='ltr'><strong>Mercurium,</strong></span> <span class='ocrx_word' id='word_1_666' title='bbox 1547 5234 1574 5278; x_wconf 89' lang='lat' dir='ltr'><strong>et</strong></span> <span class='ocrx_word' id='word_1_667' title='bbox 1586 5221 1661 5293; x_wconf 84' lang='lat' dir='ltr'><strong>quod</strong></span> <span class='ocrx_word' id='word_1_668' title='bbox 1674 5239 1792 5278; x_wconf 79' lang='lat' dir='ltr'><strong>curvom</strong></span> <span class='ocrx_word' id='word_1_669' title='bbox 1804 5234 1843 5276; x_wconf 86' lang='lat' dir='ltr'><strong>est</strong></span> <span class='ocrx_word' id='word_1_670' title='bbox 1857 5243 1959 5296; x_wconf 87' lang='lat' dir='ltr'><strong>ponere</strong></span> <span class='ocrx_word' id='word_1_671' title='bbox 1972 5226 2109 5282; x_wconf 84' lang='lat' dir='ltr'><strong>rectum.’&#39;.</strong></span> 
     </span>
    </p>
   </div>
   <div class='ocr_carea' id='block_1_23' title="bbox 1115 5355 1317 5370">
    <p class='ocr_par' dir='ltr' id='par_1_25' title="bbox 1115 5355 1317 5370">
     <span class='ocr_line' id='line_1_96' title="bbox 1115 5355 1317 5370; baseline 0.005 0"><span class='ocrx_word' id='word_1_672' title='bbox 1115 5355 1317 5370; x_wconf 64' lang='grc' dir='ltr'>..ι-ψι-</span> 
     </span>
    </p>
   </div>
   <div class='ocr_carea' id='block_1_24' title="bbox 1185 5443 2104 5584">
    <p class='ocr_par' dir='ltr' id='par_1_26' title="bbox 1185 5443 2104 5584">
     <span class='ocr_line' id='line_1_97' title="bbox 1185 5443 2104 5512; baseline -0.001 -14"><span class='ocrx_word' id='word_1_673' title='bbox 1185 5453 1220 5512; x_wconf 75' lang='grc'><strong>(·)</strong></span> <span class='ocrx_word' id='word_1_674' title='bbox 1240 5453 1318 5498; x_wconf 73' lang='lat' dir='ltr'><strong>Baaas&#39;</strong></span> <span class='ocrx_word' id='word_1_675' title='bbox 1329 5449 1475 5496; x_wconf 82' lang='lat' dir='ltr'><strong>eceabnlnra</strong></span> <span class='ocrx_word' id='word_1_676' title='bbox 1488 5454 1567 5492; x_wconf 80' lang='lat' dir='ltr'><strong>erton</strong></span> <span class='ocrx_word' id='word_1_677' title='bbox 1582 5459 1633 5492; x_wconf 87' lang='lat' dir='ltr'><strong>esse</strong></span> <span class='ocrx_word' id='word_1_678' title='bbox 1649 5451 1749 5504; x_wconf 82' lang='lat' dir='ltr'><strong>pntstnr</strong></span> <span class='ocrx_word' id='word_1_679' title='bbox 1760 5458 1789 5489; x_wconf 84' lang='lat' dir='ltr'><strong>en</strong></span> <span class='ocrx_word' id='word_1_680' title='bbox 1803 5447 1894 5506; x_wconf 65' lang='lat' dir='ltr'><strong>gattico</strong></span> <span class='ocrx_word' id='word_1_681' title='bbox 1907 5443 2016 5508; x_wconf 59' lang='lat' dir='ltr'><strong>meane,</strong></span> <span class='ocrx_word' id='word_1_682' title='bbox 2034 5457 2104 5510; x_wconf 76' lang='lat' dir='ltr'><strong>quast</strong></span> 
     </span>
     <span class='ocr_line' id='line_1_98' title="bbox 1220 5513 1867 5584; baseline 0.006 -26"><span class='ocrx_word' id='word_1_683' title='bbox 1220 5523 1359 5580; x_wconf 48' lang='lat' dir='ltr'><strong>mque„</strong></span> <span class='ocrx_word' id='word_1_684' title='bbox 1374 5525 1565 5584; x_wconf 53' lang='lat' dir='ltr'><strong>(mmm),</strong></span> <span class='ocrx_word' id='word_1_685' title='bbox 1583 5515 1668 5574; x_wconf 73' lang='lat' dir='ltr'><strong>quales</strong></span> <span class='ocrx_word' id='word_1_686' title='bbox 1680 5521 1736 5561; x_wconf 85' lang='lat' dir='ltr'><strong>eant</strong></span> <span class='ocrx_word' id='word_1_687' title='bbox 1747 5513 1867 5566; x_wconf 82' lang='lat' dir='ltr'><strong>aviculae.</strong></span> 
     </span>
    </p>
   </div>
   <div class='ocr_carea' id='block_1_25' title="bbox 1470 5592 1491 5660">
    <p class='ocr_par' dir='ltr' id='par_1_27' title="bbox 1470 5592 1491 5660">
     <span class='ocr_line' id='line_1_99' title="bbox 1470 5592 1491 5660; baseline 0 0"><span class='ocrx_word' id='word_1_688' title='bbox 1470 5592 1491 5660; x_wconf 89' lang='grc'><strong>7</strong></span> 
     </span>
    </p>
   </div>
   <div class='ocr_carea' id='block_1_26' title="bbox 0 0 2346 6162">
    <p class='ocr_par' dir='ltr' id='par_1_28' title="bbox 0 0 2346 6162">
     <span class='ocr_line' id='line_1_100' title="bbox 0 0 2346 6162; baseline 0 0"><span class='ocrx_word' id='word_1_689' title='bbox 0 0 2346 6162; x_wconf 95' lang='lat' dir='ltr'><strong> </strong></span> 
     </span>
    </p>
   </div>
  </div>
 </body>
</html>
