4608 6164
250 257 330 348 au
959 233 1295 334 uanuuvun
1344 235 1451 314 ιιιι
1477 237 1560 316 ιιι.
1640 209 1644 216 ’
2168 261 2218 340 ,20
2258 203 2259 208 '

254 443 354 516 Sicut
372 453 519 506 arenoso
536 423 659 496 sitiens
675 417 713 488 io
729 415 849 489 littore
872 407 1020 498 concha,
1302 409 1371 484 Hie
1385 417 1493 486 modo
1509 439 1588 488 cum
1608 413 1758 507 patriam
1775 416 1876 492 iustis
1891 421 2081 500 defenderet
2093 429 2187 516 arnis,

307 538 462 632 Quando
477 553 579 603 strum
599 525 751 620 primum
772 518 842 588 Ver
859 518 965 586 modo
981 532 1119 606 tempus
1136 511 1223 604 agit:
1353 514 1588 614 Fudissetque
1607 515 1724 590 hostes
1741 523 1933 596 auxiliante
1948 523 2032 600 Deo.

253 643 391 716 Siccior
406 665 425 708 a
443 635 533 712 coeli
552 634 745 706 stillantem
760 619 905 694 cardine
923 641 1053 704 rocem,
1301 614 1442 688 Fraude
1458 621 1586 709 globus
1601 622 1730 694 missus
1747 625 1916 696 victorem
1932 631 2101 715 vuluerat,
2120 631 2183 704 iude

307 741 481 839 Pinguior
495 753 535 812 ut
552 739 611 806 liat
624 728 826 808 fertilitate,
853 720 955 814 petit:
1352 717 1438 792 Post
1455 745 1607 814 pugnam
1621 725 1714 794 vitae
1731 751 1807 797 non
1826 754 1923 799 mora
1941 729 2041 824 longa
2055 732 2123 804 tuit.

256 855 341 946 Quo
357 855 446 922 beoe
461 866 558 916 uuoc
573 835 700 906 hausto
714 828 825 924 (quod
844 839 877 894 et
891 836 943 892 est
957 820 1121 892 mirabile
1133 817 1247 916 dictu)
1300 817 1563 895 Commendans
1580 827 1742 914 animam,
1752 833 1812 898 sed
1826 828 1989 922 Christo,
2012 835 2137 908 exordia
2151 837 2214 908 vitae
2258 825 2259 828 ¹

309 958 460 1028 Gemma
475 940 638 1018 salutaris
656 931 826 1004 cordibus
840 927 925 996 inde
938 923 1052 993 venit:
1351 921 1479 996 Hausit
1494 929 1653 1001 coelestis
1671 953 1746 1000 non
1760 934 1945 1006 dubitante
1958 937 2037 1011 fide.

256 1059 353 1132 Haec
369 1069 487 1126 tamen
504 1048 542 1116 in
558 1037 695 1128 magnis
710 1030 914 1124 generosior
931 1041 1005 1098 acta
1022 1021 1198 1118 procellis,
1301 1021 1367 1096 Est
1381 1026 1515 1120 fragilis
1533 1044 1658 1100 natura
1680 1025 1889 1120 hominum,
1916 1040 1977 1107 sed
1992 1041 2125 1110 reddere
2139 1042 2205 1112 vitae

307 1161 347 1234 Si
364 1157 470 1225 modo
489 1162 566 1242 post
580 1163 696 1214 rorem
710 1137 814 1206 turba
835 1144 1021 1222 sequatur,
1048 1127 1130 1199 erit:
1352 1127 1494 1200 Gaudia
1513 1133 1589 1204 vult
1603 1128 1768 1206 Christus
1786 1163 1858 1208 non
1872 1141 2043 1212 moritura
2059 1142 2129 1234 piis.

256 1263 370 1336 Parva
386 1248 621 1344 redemptoris
636 1244 684 1311 sic
700 1253 752 1310 est
764 1232 921 1306 Ecclesia
936 1226 1085 1315 Christi,

307 1365 432 1436 Donec
447 1359 486 1427 in
502 1351 569 1424 hac
585 1343 710 1418 rotandi
728 1337 930 1411 colluvione
946 1335 1041 1406 latet.

258 1466 405 1561 Appetit
423 1485 441 1529 e
458 1457 556 1529 coelo
574 1446 758 1520 coelestiae
771 1443 953 1528 dogmata,
977 1459 1108 1514 rorem,

309 1569 480 1656 Dogmata
496 1552 649 1628 viventis
666 1545 795 1619 tradita
812 1565 896 1612 voce
910 1537 987 1610 Dei.
1302 1535 1367 1610 No.
1382 1536 1470 1612 275.
1807 1593 1816 1602 .
2114 1579 2155 1621 m,
2174 1555 2232 1618 χιιι
2258 1569 2259 1636 5

2111 1645 2229 1675 *Ost

257 1673 337 1745 Hoc
352 1671 402 1739 sic
416 1674 562 1736 attracto
579 1649 720 1724 sitiendi
738 1647 776 1716 in
792 1657 932 1737 pectore
947 1663 1040 1725 rore,
1308 1633 1480 1662 *w*-

307 1771 474 1846 Nascitur
490 1765 598 1854 inque
611 1751 739 1824 animis
751 1772 832 1816 mox
852 1767 944 1814 nova
960 1765 1096 1832 gemma
1115 1739 1196 1833 piis.
1368 1737 1450 1807 dpud
1466 1737 1593 1852 vioemt.
1609 1755 1636 1810 p.
1649 1737 1709 1800 246.
1746 1739 1831 1800 cont.
1850 1741 1914 1798 vol.
1929 1741 2005 1803 vnt.
2017 1765 2045 1822 p.
2057 1748 2113 1806 esa,

256 1876 401 1952 Scilicet
417 1865 549 1960 agnitio
569 1881 650 1938 vero
666 1857 709 1924 de
725 1851 870 1920 nornine
888 1870 1004 1930 verae,

307 1977 469 2068 Cumque
482 1965 548 2040 Dei
564 1960 675 2049 surgit
689 1957 789 2026 lirina
805 1954 932 2023 timore
949 1947 1046 2018 fides.

256 2079 404 2154 Aeterni
422 2071 563 2146 bouitas
577 2079 662 2135 tunc
680 2061 718 2128 lit
730 2065 915 2145 conspecta
929 2049 1096 2141 parentis,

310 2181 465 2272 Quando
483 2173 551 2242 fide
563 2176 687 2260 pectus
703 2157 809 2228 sentit
824 2157 944 2226 adesse
957 2145 1087 2250 λόγον.

1301 1889 1549 1985 Elll'lfll'hlm
1578 1899 1766 1987 minium
1800 1903 1991 1999 Georgia
2024 1909 2172 2002 Priorlpt'
2189 1909 2233 1978 da·

1300 1993 1466 2080 bettino,
1492 1999 1711 2089 Praeposito
1719 2001 2031 2103 Megdedurgenst'
2045 2019 2081 2081 et
2093 2013 2232 2096 danem,

1297 2101 1361 2191 pie
1377 2096 1604 2192 placideque
1627 2105 1707 2172 vita
1731 2101 1916 2198 defuncto
1935 2107 1992 2182 tu.
2007 2112 2083 2183 Gal.
2096 2111 2185 2184 Dect.
2197 2135 2232 2184 aa
2258 2099 2259 2186 i

256 2285 354 2358 Haec
371 2286 550 2368 locatque
567 2269 654 2338 fides
671 2265 765 2334 inter
784 2255 976 2328 certamina
991 2251 1126 2338 crescit,
1304 2199 1425 2293 ὧδ’
1462 2223 1546 2272 ‘mm
1566 2205 1722 2276 ''mm'‘
1746 2228 1813 2288 ‘m‘
1834 2207 1904 2296 46³
1936 2233 2055 2286 mm·
2074 2213 2117 2308 ²2
2142 2214 2199 2288 ‘llll
2210 2213 2230 2298 b

309 2385 401 2457 Cum
420 2379 507 2475 petit
521 2369 693 2444 auxilium
710 2362 860 2434 araxime
873 2353 1016 2428 Christe
1033 2369 1147 2426 tuum.
1718 2305 1799 2382 '⁸⁰¹⁹‘
1822 2309 1881 2420 1⁴3

256 2487 355 2561 Haec
372 2503 513 2579 quoque
529 2470 673 2546 contriti
689 2463 805 2538 cordis
820 2464 900 2532 data
916 2482 1053 2549 gemma
1069 2453 1199 2534 dolori,
1302 2453 1482 2548 Principis
1497 2453 1649 2529 Ascania
1664 2461 1739 2530 nati
1755 2462 1799 2532 de
1813 2463 1922 2558 stirpe
1938 2465 2102 2558 Georgii,
2258 2535 2259 2546 ,

311 2589 425 2662 Unica
441 2583 597 2655 solamen
614 2573 710 2667 quod
729 2565 943 2648 medicatur,
971 2556 1089 2634 babet.
1355 2557 1470 2648 Quem
1487 2561 1603 2630 centis
1616 2565 1776 2634 tumulus
1792 2571 1975 2655 proximus
1991 2594 2066 2640 ossa
2085 2573 2165 2662 tegit.
2258 2561 2259 2580 ¹

258 2693 418 2766 Praestat
435 2701 468 2758 et
484 2693 645 2752 aeternae
662 2669 844 2742 verissima
861 2663 988 2756 gandia
1004 2662 1110 2747 vitae,
1303 2659 1397 2730 lluic
1414 2661 1481 2730 luit
1495 2657 1668 2734 Ernestus
1684 2666 1842 2754 genitor,
1873 2671 1936 2761 qui
1954 2675 2049 2761 pacis
2064 2698 2168 2744 amore

312 2792 454 2866 Gaudia
471 2809 560 2881 quae
578 2777 677 2848 nullo
692 2786 777 2844 sunt
795 2769 968 2840 moritura
983 2765 1053 2840 die.
1355 2761 1557 2834 Promeruit
1573 2769 1706 2856 patriae
1723 2769 1832 2840 totius
1844 2795 1918 2840 esse
1935 2788 2047 2863 pater.

259 2897 335 2972 Has
353 2906 496 2990 propter
509 2904 629 2955 causas
645 2879 689 2948 ad
704 2895 877 2967 gemmam
897 2871 1061 2958 dogmata
1078 2863 1184 2957 pacis,
1304 2862 1434 2934 Matris
1450 2879 1524 2935 erat
1539 2882 1650 2938 castae
1667 2867 2013 2962 Monsterbergensis
2027 2877 2136 2967 origo,

312 3001 427 3072 Filius
444 2985 576 3062 aeterni
593 2990 773 3069 comparat
789 2977 861 3068 ipse
879 2971 955 3044 Dei.
1356 2965 1501 3037 Sincera
1519 2970 1632 3040 coluit
1645 2995 1735 3066 quae
1750 2973 1876 3064 pietate
1892 2973 2024 3052 Deum.

260 3102 357 3194 Ergo
371 3095 476 3168 bonis
492 3086 619 3162 studiis
636 3085 761 3157 deeras,
788 3071 1013 3146 ornatissime
1028 3066 1157 3153 David,
1305 3065 1478 3138 Ascaniae
1493 3072 1607 3158 gentis
1619 3075 1735 3143 virtus
1752 3091 1803 3147 est
1818 3077 1911 3146 clara
1930 3077 2131 3172 triumphis,
2258 3089 2259 3098 ’

313 3203 387 3296 Qui
405 3197 535 3266 Vatum
556 3187 682 3257 merito
700 3183 829 3270 diguus
846 3201 882 3246 es
898 3199 958 3246 ore
975 3172 1070 3241 cani:
1357 3165 1498 3241 Ordine
1513 3197 1602 3266 quos
1618 3193 1807 3248 ravamerant
1820 3181 1935 3250 secula
1953 3183 2057 3272 longa
2074 3205 2195 3274 patruo.

258 3307 352 3392 Cum
370 3321 429 3376 tua
445 3289 668 3382 Margacidos
681 3283 836 3354 coniunx
851 3275 1063 3372 pulcerrima
1078 3294 1221 3352 nomen,
1306 3273 1374 3342 Sed
1393 3273 1460 3345 luit
1479 3270 1561 3344 huic
1577 3277 1692 3347 foratas
1707 3280 1889 3350 doctrinae
1906 3282 2042 3356 discere
2056 3310 2165 3370 cura,-

313 3407 447 3482 Omine
466 3413 536 3468 tam
551 3395 656 3464 rebus
675 3383 907 3456 conveniente
923 3389 1035 3469 gerat:
1358 3373 1475 3464 Quam
1493 3379 1596 3446 nobis
1613 3394 1739 3470 gnatus
1757 3385 1904 3452 tradidit
1918 3385 1994 3477 ipse
2009 3387 2087 3462 Dei.

263 3513 318 3586 Te
335 3514 434 3582 decet
453 3497 520 3570 hoc
537 3497 614 3588 ipso
630 3487 752 3561 laetari
768 3485 914 3554 nomine
930 3501 1091 3572 sponsae,
1306 3475 1385 3546 Hoc
1402 3480 1444 3546 ad
1465 3478 1639 3549 maiorum
1657 3485 1762 3552 decus
1776 3485 1914 3555 addidit
1929 3487 2061 3586 inclyta
2078 3491 2171 3572 lacta,
2258 3477 2259 3492 ¹

315 3613 423 3706 Quod
439 3613 563 3674 monet
576 3611 617 3666 ut
630 3587 766 3664 Christi
780 3590 943 3677 dogmata
962 3605 1101 3674 semper
1118 3600 1230 3648 ames.-
1357 3577 1527 3650 Praebuit
1543 3597 1576 3652 et
1592 3585 1724 3676 patriae
1740 3592 1923 3658 commoda
1939 3615 2064 3680 magna
2080 3615 2160 3662 suae.

1307 3675 1439 3750 Esdras
1456 3705 1517 3751 sen
1531 3688 1710 3777 quondam
1729 3691 1860 3779 populo
1879 3694 1933 3760 ius
1948 3695 2060 3780 dixit,
2091 3709 2122 3766 et
2135 3693 2205 3762 idem

263 3766 1256 3828 ..--------'·-···‘····-‘'“
1362 3781 1538 3876 {mespres
1553 3785 1696 3883 Solyma
1714 3791 1800 3880 legis
1817 3793 1855 3860 in
1872 3795 1960 3860 urbe
1975 3798 2054 3870 fuit,

263 3921 435 4002 Now.
679 3949 689 3959 .
935 3873 984 3932 ⁸¹
1090 3917 1138 3960 an,
1158 3895 1255 3960 1553.
1308 3885 1487 3978 Principis
1502 3883 1559 3956 hic
1576 3914 1706 3959 animus
1722 3893 1826 3962 simul
1843 3909 1877 3966 et
1895 3893 2050 3968 Pastoris
2065 3897 2175 3980 obivit,
2258 3925 2259 3952 ι

273 4015 444 4056 ,Ν
790 4043 792 4048 ,
1085 3985 1255 4013 “⁹'‘
1363 3987 1475 4078 lpsius
1490 4009 1642 4061 mentem
1662 3995 1752 4066 rexit
1768 4011 1801 4065 et
1817 4021 1877 4065 ora
1894 3996 2003 4071 Dens.

368 4115 450 4190 Apud
470 4110 599 4166 vincent.
619 4120 647 4176 p.
661 4099 708 4154 1⁰1
726 4115 766 4170 sq.
1310 4089 1532 4184 lustibcaque
1549 4096 1616 4164 lide
1631 4097 1771 4187 capiens
1786 4111 1845 4168 tna
1864 4125 2011 4173 munera
2026 4099 2169 4184 Christe,

312 4275 594 4370 coemptam
618 4253 809 4332 Mouriett
831 4257 954 4326 Ducis
974 4257 1068 4328 Soa.
1091 4254 1205 4326 Elect-
1311 4192 2188 4401 vjpllrppeessteppupgppvtptprpppppussa‘pppwmn’
2258 4287 2259 4346 ἕ

545 4373 655 4459 (Μοὼ
675 4369 705 4432 d'
724 4367 775 4430 ¹¹⁶
789 4359 851 4430 ¹¹¹¹·
867 4363 977 4442 1⁵⁵3')
1360 4397 1577 4472 Numinibus
1592 4401 1685 4471 lictis
1703 4428 1802 4473 mens
1817 4405 1959 4477 inimica
1978 4411 2056 4484 fuit.

268 4520 403 4598 Omnia
420 4527 503 4585 sunt
517 4507 702 4580 bominum
719 4497 816 4570 tenui
833 4498 1023 4588 pendentia
1040 4497 1112 4578 filo,
1307 4499 1381 4570 Nec
1398 4501 1570 4572 virtutum
1584 4507 1728 4575 umbras
1741 4501 1884 4594 habuit,
1910 4513 1969 4580 sed
1987 4527 2119 4603 pectora
2135 4509 2201 4578 rerit

321 4622 367 4696 Et
383 4617 502 4690 subito
518 4633 600 4682 casu
616 4627 705 4699 quae
717 4601 859 4670 valuere
873 4613 993 4671 ruunt.
1363 4599 1440 4690 lpse
1456 4601 1523 4673 Dei
1540 4607 1663 4676 vivens
1677 4608 1867 4680 assimilata
1884 4605 2010 4712 λόγος,

268 4726 317 4804 Ut
335 4724 425 4818 perit
442 4721 480 4788 in
497 4713 611 4808 primo
630 4707 766 4777 Pelides
782 4703 870 4772 flore
886 4701 1060 4784 iuventae,
1311 4702 1471 4775 Urbibus
1484 4709 1521 4776 in
1538 4710 1660 4778 multis
1677 4709 1789 4780 ssavus
1804 4737 1891 4805 quas
1907 4716 2011 4785 alluit
2027 4714 2137 4798 Albis,
2258 4735 2259 4740 ’

320 4827 348 4898 Ρ
375 4819 477 4894 rrhus
493 4832 527 4888 et
542 4811 610 4884 boc
623 4812 699 4900 ipso
715 4809 758 4876 de
775 4804 932 4895 genitore
946 4818 1053 4876 satus.
1360 4801 1405 4876 Et
1422 4831 1509 4899 quas
1525 4811 1678 4880 coerulei
1692 4815 1860 4903 praeterit
1875 4818 1971 4886 unda
1988 4817 2097 4888 Salac.
2258 4881 2259 4896 ἶ

269 4928 323 5004 Ae
340 4853 444 5000 delae
459 4919 615 4992 domitor
634 4911 821 4981 Macedum
837 4908 881 4976 de
898 4907 1007 4998 stirpe
1025 4919 1172 4988 creatus,
1311 4908 1462 4997 Agmina
1479 4912 1621 5000 collegit
1635 4909 1818 4984 Christum
1836 4919 2069 5006 celebrantia,
2099 4931 2225 5009 sparget!

321 5027 369 5102 Et
384 5027 443 5122 qrri
461 5018 674 5110 Burgundas
690 5009 839 5082 Carolus
853 5010 950 5080 anxit
964 5017 1064 5101 opes:
1269 5090 1273 5100 ,
1363 5008 1455 5082 Pura
1472 5011 1656 5102 Evangelii
1672 5017 1806 5086 semina
1823 5043 1908 5089 voce
1920 5043 1995 5094 sua.
2258 5093 2259 5096 ,

268 5134 329 5207 Sic
344 5135 413 5202 iam
431 5121 644 5198 Mauriciuru
669 5113 820 5185 nimium
845 5112 1071 5204 properantia
1086 5111 1157 5182 lata
1312 5111 1422 5182 Fidus
1437 5129 1472 5183 et
1488 5117 1592 5186 aetati
1610 5117 1765 5188 venienti
1782 5120 1877 5191 testis
1895 5137 1934 5191 nt
1951 5138 2057 5210 esset,

321 5229 494 5306 Saroniae
512 5222 615 5295 terris
630 5217 791 5309 eripuere
807 5211 955 5286 Ducem.
1363 5214 1415 5285 De
1431 5214 1573 5290 Christo
1591 5221 1723 5310 patriae
1738 5222 1881 5312 publica
1898 5225 2026 5317 scripta
2040 5223 2138 5298 dedit.
2258 5243 2259 5260 ³

271 5337 341 5428 Qui
360 5333 485 5404 Gallos
500 5327 533 5398 'l'
535 5344 708 5414 ursosque
724 5319 818 5386 leros
835 5316 964 5386 virtute
978 5315 1156 5408 repressit,
1311 5313 1381 5386 Hic
1396 5319 1504 5391 scater
1518 5311 1717 5416 lacrymans
1732 5319 1932 5398 loacbimus
1947 5325 2101 5398 condidit
2113 5345 2189 5406 ossa,

323 5437 473 5509 Militiae
490 5441 671 5522 praestans
685 5419 820 5490 artibus
835 5435 939 5513 atque
953 5432 1064 5510 togae.
1367 5419 1463 5492 Vivit
1479 5439 1668 5516 conspectu
1684 5450 1784 5496 mens
1799 5427 2000 5524 fruiturque
2016 5429 2090 5503 Dei.
