4638 6172
250 263 326 370 sos

392 609 395 616 .
768 541 843 610 him
859 554 922 622 est,

305 641 358 718 Ut
372 647 466 718 vitae
482 670 606 717 verum
622 647 778 716 traderet
790 645 854 715 illa
870 645 1030 720 modum.

254 749 325 820 Hic
342 746 530 840 Evangelii
546 749 704 840 primum
720 749 882 818 doctrina
899 744 1079 842 renata¹)‚

305 848 453 924 Deterso
468 851 585 944 coepit
598 845 734 947 pura²)
751 850 866 922 nitere
878 851 960 922 situ.
987 916 992 924 .

256 953 381 1027 Induit
394 950 453 1025 hic
468 978 573 1025 veros
589 955 728 1040 vultus,
754 953 957 1047 iterumque
973 953 1129 1025 colorem

306 1057 453 1150 Accepit
466 1059 612 1130 tandem
624 1057 763 1146 relligio
778 1057 853 1150 ipsa
869 1079 985 1128 suum.

254 1159 303 1235 Et
319 1185 400 1234 cum
416 1158 591 1232 Germani
605 1160 786 1230 sumsisset
802 1183 898 1228 arma
917 1157 1094 1253 Tyranni,

304 1261 438 1335 Contra
452 1260 690 1354 Evangelium
705 1275 896 1355 sanctaque
911 1262 1005 1332 iussa
1019 1258 1101 1336 Dei.

252 1366 426 1440 Doctores
442 1367 508 1438 tibi
523 1391 607 1436 cura
621 1367 700 1458 pios
713 1366 903 1436 defendere
920 1364 999 1446 soli,

305 1466 354 1541 Et
370 1472 439 1542 late
455 1464 591 1542 Christi
604 1491 768 1561 spargere
784 1469 909 1556 dogma
925 1467 1005 1540 fuit.

255 1571 323 1644 His
336 1574 402 1646 tihi
416 1597 481 1664 pro
497 1570 634 1642 meritis
651 1586 748 1662 grata
762 1559 951 1662 praecunia
967 1593 1053 1640 voce

306 1674 500 1748 Posteritas
514 1675 648 1759 omnis,
673 1673 800 1768 virque
816 1695 975 1765 puerque
989 1685 1128 1747 canent.

254 1778 362 1858 Nulla
376 1792 454 1850 tuas
472 1799 631 1871 unquam
645 1777 794 1846 virtutes
810 1774 943 1845 nesciet
958 1787 1065 1862 aetas,

304 1879 388 1952 Non
402 1880 511 1952 insin
525 1881 649 1950 laudes
664 1901 760 1948 mors
775 1873 882 1949 hahet
897 1890 973 1950 atra
987 1893 1076 1954 tuas.

696 2015 807 2086 Aliud.

250 2138 349 2210 Haec
362 2137 566 2232 quicunque
582 2133 681 2202 vides
697 2131 801 2201 oculo
817 2141 1030 2223 properante
1043 2129 1170 2215 viator,

301 2242 361 2312 Ad
375 2262 531 2310 sacrans
546 2237 664 2328 pigeat
679 2235 801 2304 sistere
816 2235 919 2303 husta
934 2235 1071 2324 pedem.

208 2421 213 2432 ,
257 2341 323 2414 Ille
339 2365 402 2434 ego
418 2339 640 2424 hildericus,
666 2335 766 2408 Duce
783 2361 854 2430 quo
870 2335 1024 2407 Saxonia
1041 2335 1126 2406 felix

288 2441 432 2517 *Ardua
446 2458 620 2514 sacratum
638 2439 732 2511 tollit
748 2441 794 2508 ad
810 2452 903 2509 astra
920 2452 1036 2532 caput.

253 2547 328 2640 Qui
344 2547 506 2642 quamvis
521 2560 595 2618 tots
609 2545 749 2614 arderet
765 2539 959 2613 Germania
976 2541 1090 2624 hellis,

303 2648 417 2722 Effeci
430 2673 552 2742 pacem
566 2645 730 2738 gentihus
745 2667 818 2714 esse
834 2645 933 2716 meis.

251 2754 299 2828 Et
313 2755 413 2824 senio
428 2753 571 2823 tandem
586 2747 703 2840 longis
719 2749 897 2817 confectus
913 2749 959 2818 ah
976 2747 1091 2835 annis,

302 2856 373 2928 Hic
388 2871 488 2947 tegor
502 2853 628 2944 exiguo
644 2851 810 2922 conditus
824 2849 863 2917 in
879 2851 1031 2921 tumulo.

250 2960 435 3034 Virtutum
450 2957 573 3028 laudes
590 2967 624 3024 et
636 2953 768 3023 famam
785 2952 892 3042 longa
905 2975 1066 3024 mearum

301 3062 492 3134 Posteritas
508 3081 665 3152 semper,
691 3055 736 3126 sit
752 3055 859 3124 modo
877 3068 1005 3146 grata,·
1017 3056 1116 3132 feret.

696 3199 804 3264 Aliud.

250 3321 428 3414 Principis
440 3315 500 3390 hic
515 3316 674 3388 tumulus
686 3311 863 3384 Friderici
877 3311 1037 3382 continet
1051 3336 1141 3399 ossa,

302 3424 419 3515 Quem
434 3421 569 3514 patriae
584 3433 719 3510 patrem
734 3417 863 3484 fecerat
878 3437 952 3484 esse
965 3411 1073 3484 Deus.

251 3527 354 3598 lllius
369 3539 404 3598 et
417 3546 540 3594 manes
555 3523 610 3592 fac
626 3519 759 3613 optime
774 3511 915 3587 Christe
932 3515 1126 3610 quiescant,

303 3617 464 3702 Molliter
479 3627 588 3719 inque
604 3623 687 3693 sinu
701 3643 802 3712 posse
816 3620 925 3690 latere
941 3632 1014 3689 tuo.

249 3731 340 3804 Nam
355 3735 442 3802 dum
458 3729 530 3798 vita
544 3727 635 3811 fuit,
663 3737 723 3795 tua
736 3745 834 3792 sacra
851 3721 1003 3806 colebat,
1029 3737 1173 3818 cratque

298 3835 410 3906 Nosse
425 3827 661 3920 Evangelium
677 3826 829 3896 maxima
846 3848 930 3895 cura
948 3825 1038 3899 vim.

1204 4050 1240 4058 --
1311 3990 1376 4061 No.
1391 3992 1452 4067 55.

1071 4213 1119 4256 an.
1137 4195 1231 4261 1525.

1065 4285 1235 4314 w

184 4222 193 4230 “
272 4199 340 4273 Νο.
356 4191 417 4268 51.

254 4293 426 4326 Μ

316 4399 348 4452 ln
359 4395 498 4466 farragine
510 4393 601 4449 Secer.
615 4391 682 4446 etin
696 4407 732 4462 op
753 4427 760 4444 .
773 4387 832 4443 Bas.
845 4385 879 4441 Τ.
892 4387 925 4442 V.
938 4406 965 4459 p.
973 4386 1033 4444 550.
1069 4389 1152 4462 Apud
1160 4391 1239 4450 Vino.

337 4485 379 4548 ¹p.
395 4466 452 4520 trs.
473 4492 502 4503 -
540 4463 612 4518 Coll.
625 4459 708 4532 Epist.
751 4459 787 4512 ol.
801 4459 821 4514 l.
835 4477 862 4530 p.
875 4456 940 4514 7⁵7.

444 4605 654 4681 Iohanni
695 4597 1040 4698 Reiffeastcin.

246 4747 423 4818 Promissa
440 4757 492 4814 est
506 4767 526 4813 a
542 4755 577 4813 te
593 4741 698 4812 nohis
715 4739 851 4825 oratio,
880 4737 976 4820 lane,

241 4916 243 4920 ,
298 4847 399 4938 Quae
415 4859 627 4916 mercatores
645 4842 801 4912 vindicet
817 4865 900 4911 ausa
917 4865 1007 4915 reos.

246 4950 359 5042 Regia
376 4952 479 5020 crede
495 4942 585 5016 mihi
601 4969 657 5016 res
673 4959 724 5016 est
740 4945 947 5030 defendere,
973 4945 1003 5014 si
1019 4946 1076 5015 cui

295 5053 378 5124 Non
394 5053 509 5144 ipsum
526 5051 679 5130 crimen,
705 5049 765 5124 sed
781 5063 884 5119 nocet
900 5047 1046 5120 invidia.

245 5151 294 5228 Et
307 5169 441 5246 tegere,
469 5167 503 5224 et
519 5175 659 5222 servare
674 5151 789 5221 honos
803 5151 969 5221 facundia
985 5151 1101 5232 dehet,

295 5256 519 5329 Praesidium
535 5256 649 5326 virtus
665 5253 798 5324 scilicet
814 5253 909 5324 istud
925 5247 1042 5324 hahet.

245 5383 472 5395 ——n——fl

281 5422 307 5490 1)
325 5421 390 5476 Bar.
410 5427 436 5474 et
455 5420 515 5477 Sec.
533 5419 638 5476 addunt
657 5427 708 5474 est.

277 5493 307 5560 2)
323 5509 395 5558 pure
414 5492 477 5546 Bas.
622 5505 627 5520 ·

994 259 1329 340 CARMINUM
1380 261 1487 337 LlB.
1513 263 1544 339 1.

252 439 415 536 Namque
437 453 499 512 tuo
523 453 644 513 sumtu
664 435 798 510 flavum
821 432 943 510 schola
963 435 1108 510 condita
1124 440 1171 510 ad
1183 432 1251 509 Al-

2189 285 2248 364 501

1304 435 1425 528 Quare
1436 461 1499 530 age
1508 441 1654 512 tandem
1667 443 1775 530 ausis,
1789 457 1823 518 et
1834 458 1992 516 sanctam
2003 453 2131 546 suscipe
2142 480 2252 532 causam

1355 537 1462 612 lrrita
1476 567 1522 613 ne
1537 544 1664 614 fallant
1678 569 1744 616 nos
1757 561 1818 618 tua
1833 547 1929 624 dicta
1941 554 2058 628 modo.

1302 640 1525 714 Conscissam
1541 670 1587 715 ne
1602 647 1703 717 vides
1717 650 1851 740 tragico
1866 653 2055 726 crudeliter
2065 662 2147 730 orel

1354 743 1484 835 Qualia
1500 750 1545 818 de
1560 749 1728 841 plaustris
1745 749 1865 824 Attica
1883 757 1987 826 turha
2004 773 2112 835 sonat.

1302 845 1363 919 Tu
1379 845 1655 943 (benedicendo
1671 856 1829 928 convitia
1846 857 1988 928 vincere
2003 861 2078 932 laus
2092 863 2155 959 est)

1353 949 1473 1023 Triste
1488 948 1582 1022 nihil
1598 956 1762 1026 meritam
1778 983 1864 1029 voce
1877 976 1975 1032 tuere
1990 964 2059 1054 pia.

1301 1051 1406 1124 Hanc
1420 1055 1487 1126 tihi
1505 1055 1716 1130 Maeonides
1730 1060 1855 1132 divino
1872 1066 2029 1135 carmine
2042 1067 2166 1154 laudat,

1351 1153 1444 1227 Cum
1459 1159 1613 1254 ferrum,
1639 1159 1833 1264 Temesen,
1859 1166 1934 1258 ipsa
1951 1167 2113 1240 Minerva
2128 1167 2219 1246 vehit.

1301 1257 1535 1354 Ascraeique,
1560 1263 1653 1332 senis
1668 1266 1849 1338 celebrant
1865 1271 2026 1352 oracula,
2054 1287 2161 1344 cantu

1352 1361 1509 1434 Socratis
1523 1365 1561 1433 in
1578 1369 1712 1456 gremio
1729 1370 1793 1462 qui
1808 1373 2000 1444 recuhahat
2015 1375 2101 1448 olor.

1300 1466 1404 1533 Arrde
1420 1466 1529 1556 igitur
1544 1483 1768 1564 spretamque
1786 1474 1853 1564 piis
1868 1475 2051 1550 ulciscitur
2065 1479 2174 1563 armis,

1352 1565 1504 1639 Materia
1519 1563 1665 1661 ingenio
1682 1577 1851 1646 convenit
1870 1577 1934 1647 ista
1951 1593 2026 1654 tuo.

1291 1665 1462 1762 Ἄλκιμος
1476 1669 1567 1758 ioo',
1590 1671 1654 1746 ἵνα
1668 1669 1725 1757 τίς
1740 1697 1781 1748 σε
1795 1674 1860 1749 καὶ
1875 1673 2067 1780 ὀψιγόνων
2083 1675 2123 1754 εὖ
2136 1682 2214 1774 cirri,

1351 1772 1448 1844 Haec
1462 1775 1529 1846 tihi
1543 1775 1756 1850 Maeonides
1770 1781 1930 1868 classica,
1955 1783 2058 1872 lane,
2083 1786 2179 1856 canit.

1301 2125 1464 2252 Q

2087 2147 2146 2228 (a...
2162 2146 2243 2226 ssa.)

2077 2239 2248 2276 Μ

1369 2345 1400 2400 ln
1419 2345 1517 2418 farrag.
1538 2345 1629 2403 Sacer.
1647 2359 1674 2404 ct
1692 2351 1721 2406 in
1739 2368 1802 2426 opp.
1813 2353 1876 2410 Bas.
1893 2353 1926 2411 T.
1938 2357 1972 2414 V.
1990 2375 2018 2430 p.
2028 2357 2089 2416 551.
2121 2356 2191 2431 Apud
2203 2357 2249 2409 Vir·

1401 2424 1474 2471 cent.
1492 2435 1519 2487 p.
1534 2417 1594 2474 108.

1370 2575 1429 2648 Ad
1452 2579 1475 2647 Ι
1484 2599 1623 2650 onum
1649 2563 1680 2672 (i
1697 2604 1726 2652 e.
1741 2588 1921 2657 loannem
1935 2583 2204 2686 Reiffeasteial·

1299 2729 1341 2800 ln
1359 2754 1468 2800 coena
1485 2731 1635 2802 conviva
1652 2729 1742 2803 mihi
1758 2737 1960 2810 doctissime
1978 2739 2078 2827 lane,

1349 2830 1403 2903 De
1419 2829 1694 2928 Symphoniacis
1711 2861 1804 2908 unus
1820 2853 1853 2910 et
1868 2841 1957 2912 alter
1973 2845 2055 2916 erit.

1298 2932 1442 3028 Quique
1455 2931 1545 3028 χὲλυ
1561 2937 1682 3027 digitis
1697 2941 1829 3030 argutis
1845 2943 1963 3027 ludat.
1994 2951 2113 3020 adesse

1244 3089 1247 3098 .
1349 3038 1407 3108 Ad
1424 3053 1562 3108 nostras
1577 3041 1699 3132 epulas
1716 3041 1799 3112 lane
1816 3049 1999 3134 rogandus
2014 3053 2090 3138 erit,

1296 3137 1379 3210 Non
1396 3135 1492 3211 hunc
1509 3145 1612 3212 erede
1627 3137 1717 3212 mihi
1735 3147 1797 3240 qui
1814 3146 1942 3220 Martis
1958 3153 2054 3226 furta
2070 3153 2207 3237 canebat,

1297 3277 1303 3296 ·
1348 3242 1447 3314 lnter
1461 3239 1631 3336 phaeacas
1648 3247 1775 3320 vicerit
1791 3249 1851 3319 illc
1867 3275 1984 3328 senex.

1295 3341 1463 3414 Carmine
1478 3347 1509 3416 si
1524 3348 1640 3418 tristes
1657 3349 1768 3419 animi
1784 3354 1958 3444 depellere
1974 3381 2088 3443 curas,

1348 3446 1495 3518 Viribus
1510 3461 1546 3519 ct
1560 3451 1659 3520 fessis
1675 3453 1750 3522 ocia
1767 3480 1874 3547 parva
1893 3482 2011 3550 paras:

1296 3545 1376 3620 Huc
1392 3551 1474 3620 ades
1489 3553 1584 3624 ultro
1602 3555 1707 3624 honis
1723 3559 1888 3628 convivia
1903 3565 2004 3634 adire
2020 3565 2187 3635 honorum
2283 3617 2284 3632 .

1346 3649 1429 3722 Mos
1445 3666 1515 3740 est,
1541 3669 1576 3726 at
1592 3658 1749 3748 rogitant
1766 3674 1799 3731 te
1816 3665 1924 3733 modo
1940 3661 2027 3737 lane
2041 3667 2137 3740 honi.

1874 3867 2252 3889 *md*

2117 4035 2162 4078 au.
2176 4007 2244 4072 1525.

1301 4087 1472 4120 Μ
2108 4093 2247 4132 w

1362 4191 1394 4248 ln
1410 4193 1508 4267 far-rag.
1521 4194 1615 4252 Sacer.
1627 4206 1653 4249 et
1668 4197 1696 4252 in
1711 4219 1773 4272 opp.
1787 4200 1847 4256 Bas.
1867 4199 1901 4258 T.
1913 4202 1946 4256 V.
1965 4222 1992 4275 p.
2002 4205 2064 4264 550.
2078 4218 2103 4262 et
2115 4206 2181 4292 apud
2196 4202 2252 4255 Vim

1397 4283 1424 4333 p.
1438 4265 1497 4323 118.
1521 4293 1557 4305 -
1592 4267 1672 4336 Apud
1692 4269 1840 4326 Secerium.
1851 4270 2013 4329 inscribitur
2032 4275 2136 4329 Ionum
2151 4274 2252 4330 umato

1397 4336 1434 4396 (Α
1455 4335 1589 4400 ricolus),
1612 4345 1637 4388 et
1656 4336 1696 4392 sic
1715 4340 1793 4392 etiam
1814 4339 1842 4394 in
1860 4341 1942 4397 uait.
1978 4343 2034 4399 Sed
2055 4343 2203 4402 Vincentius
2218 4354 2252 4410 pr⁰

1395 4353 1523 4458 Eiriehen
1536 4405 1609 4486 dedit
1622 4443 1641 4476 ‚‚
1650 4407 1773 4490 Amicpf'
1808 4408 1919 4481 Ubique
1931 4429 1997 4466 vero
2006 4415 2147 4485 Agricolae
2160 4422 2193 4468 ert
2203 4407 2254 4464 scti-
2283 4443 2284 4456 .

1395 4481 1489 4547 ptum,
1506 4491 1553 4547 qur
1565 4493 1588 4532 a.
1603 4475 1679 4530 1525.
1693 4478 1760 4530 ahnt
1771 4479 1896 4533 lslehiam
1909 4489 1939 4534 ut
1951 4481 2074 4538 scholam
2088 4483 2123 4538 ibi
2135 4487 2230 4556 regeret·

1532 4632 1773 4730 labanath
1808 4641 2047 4716 Elelehen.
2089 4687 2091 4692 ,

1292 4779 1440 4876 Optime
1455 4811 1560 4880 quem
1578 4811 1743 4880 praesens
1757 4791 1951 4880 malebam,
1978 4793 2082 4877 lane,
2107 4797 2241 4874 salutem,

1342 4885 1425 4957 Non
1439 4889 1526 4958 falsa
1543 4891 1645 4960 vohis
1661 4891 1776 4962 dicere
1792 4919 1877 4964 voce
1890 4899 2010 4979 modo,

1290 4985 1387 5059 Hinc
1403 4991 1510 5077 elegis
1525 5013 1588 5082 ego
1605 4993 1696 5062 serre
1711 4997 1814 5082 dedi,
1837 4997 2015 5094 iussique,
2038 4999 2168 5093 precari

1343 5091 1391 5164 Ut
1406 5107 1520 5164 servet
1534 5088 1698 5166 Christus
1711 5111 1833 5192 teque,
1856 5115 2025 5197 tuamque
2040 5105 2189 5173 domum.

1289 5187 1539 5290 Auspiciisque
1554 5191 1695 5270 scholae
1710 5201 1844 5288 faveat,
1870 5219 2075 5300 vestrosque
2092 5207 2215 5274 labores
2283 5273 2284 5280 χ

1338 5293 1533 5384 Provehat,
1559 5314 1664 5396 atque
1681 5325 1744 5375 suo
1761 5307 1909 5379 numine
1925 5324 2047 5401 coepta
2062 5308 2164 5378 iuvet.

1287 5433 1482 5450 ——u-

1321 5491 1351 5553 l)
1369 5489 1567 5549 Reiffemtein?
1587 5525 1627 5569 -,
1654 5498 1684 5552 ln
1698 5499 1759 5556 uu.
1774 5497 1954 5560 insci-ihelon
1971 5503 2195 5562 Ioannttsreten.
