4674 6162
75 283 117 354 61
254 248 1638 354 uetsuotaattst‚tun10101tttttuuscute‘rotttttt
1689 253 1796 332 ma
1829 253 1929 330 xlv,
1972 291 1977 296 ·
2059 253 2112 328 62

76 445 282 530 Cuiusdam
311 440 523 518 excellentis
546 449 577 510 et
599 435 698 510 docti
726 432 868 508 iuvenis
897 427 1065 532 epistola,
1127 428 1195 502 No.
1209 425 1322 503 toas.
1958 463 2006 480 ,.
2031 469 2082 486 ,-

302 544 360 620 od
371 570 477 620 suum
491 540 666 616 Tutorem
680 538 832 636 scripta.
1116 527 1347 559 Μ
1929 521 2101 552 ..m

74 705 162 792 Nou
187 706 261 780 dici
285 715 418 798 potest,
452 693 656 768 charissime
679 693 816 778 Tutor,
841 713 949 784 quam
974 682 1065 756 mibi
1541 627 1597 716 Ν·
1629 631 1685 717 Ν·

78 815 252 890 iucundae
270 805 406 878 inerint
431 803 553 874 literae
575 812 672 869 tuae:
707 819 797 890 quae
819 817 894 864 non
926 804 1064 862 tantum
1218 790 1319 848 Mutii
1333 791 1433 864 ἠως.
1448 809 1476 863 p.
1491 789 1596 864 stssq.

77 921 177 993 officii
195 940 239 986 ac
254 909 366 982 studii
381 927 461 996 erga
473 926 530 972 me
548 901 599 972 tui
617 897 842 992 plenissimae
856 908 977 978 erant,
1004 915 1066 960 vc-

78 1049 148 1096 mm
165 1019 276 1092 etiam
296 1013 485 1082 salutarem
499 1006 544 1074 acl
560 1001 701 1094 pictatis
718 999 874 1070 studium
896 1010 931 1067 et
951 991 1066 1066 hone-

80 1141 203 1200 starum
225 1139 346 1188 rerum
371 1105 652 1182 cohortationem
675 1101 893 1174 adferebant.
944 1096 1065 1187 Quare
1116 1080 1463 1176 charissimePater.
1516 1099 1710 1196 Postquam
1728 1095 1798 1172 huc
1814 1101 2023 1174 nunciatum
2044 1113 2107 1182 est,

79 1243 209 1303 tontum
234 1219 392 1313 pntsecto
409 1207 500 1282 mihi
515 1207 684 1278 addidisti
703 1205 837 1287 calcar,
866 1213 906 1271 ¹11
922 1223 963 1270 ex
988 1197 1065 1268 ³¹15-
1116 1215 1271 1297 quatuor
1294 1216 1328 1272 et
1345 1201 1472 1292 viginti
1491 1195 1619 1274 horrea
1641 1203 1810 1276 incendio
1825 1205 1989 1298 periisse,
2004 1211 2109 1299 'quo-

80 1327 288 1421 mocupism
306 1341 421 1388 meam
444 1312 512 1384 tibi
526 1311 676 1402 probare
692 1303 931 1395 diligentiam:
959 1300 1066 1382 acei—
1115 1329 1198 1394 rum
1221 1305 1390 1398 pleraque
1414 1301 1531 1376 adhuc
1554 1307 1725 1378 frumenti
1748 1305 1853 1398 plena
1871 1309 2034 1378 fuerunt:
2071 1321 2107 1376 et

83 1439 191 1514 licere,
219 1439 262 1497 ut
278 1438 359 1494 tuae
373 1413 550 1487 voluntati
572 1437 649 1482 ntea
671 1409 786 1479 offitia
811 1404 988 1476 cumulate
1009 1425 1066 1471 re·
1117 1407 1156 1477 in
1169 1403 1226 1480 his
1244 1421 1345 1477 tuum
1364 1402 1533 1478 borreum
1548 1433 1620 1478 una
1636 1409 1880 1498 conflagrasse,
1899 1409 2003 1480 valde
2020 1433 2108 1480 con-

87 1537 286 1632 spondeant.
345 1517 423 1592 Etsi
451 1516 597 1612 quidem
631 1508 858 1581 benemeritis
880 1506 991 1598 gratia
1015 1517 1068 1573 est
1117 1522 1293 1582 sternatus
1308 1531 1403 1580 sum:
1428 1525 1462 1582 et
1476 1509 1616 1604 incoepi
1632 1509 1689 1608 (ut
1701 1511 1790 1581 ticin
1806 1509 1948 1608 dolore)
1963 1534 2107 1602 gemeus

84 1636 281 1714 reserenda,
303 1649 368 1696 nec
388 1637 450 1694 tuo
470 1617 603 1710 gratius
626 1613 741 1684 otttcio
768 1632 952 1704 nunquam
975 1602 1066 1675 mihi
1117 1623 1152 1682 et
1175 1605 1420 1706 lachrymam,
1454 1611 1575 1682 animo
1602 1627 1760 1704 repetere
1778 1590 1991 1684 detrimenta
2016 1636 2108 1706 quae

81 1741 197 1816 recidit
217 1732 427 1830 quicquam:
455 1746 518 1811 ego
540 1740 701 1811 quoqne,
727 1727 901 1830 quantum
923 1731 1065 1827 postem
1117 1727 1222 1786 antea
1255 1712 1436 1804 accepisti,
1479 1725 1515 1784 et
1547 1715 1707 1806 publicas
1736 1714 1962 1788 difficultates
1998 1710 2108 1784 buius

79 1841 223 1940 propio
249 1835 289 1904 in
314 1853 372 1900 mc
394 1825 532 1903 studio,
567 1833 641 1890 toto
672 1829 813 1909 pectore
835 1814 904 1884 tib!
936 1823 1067 1900 stellas
1117 1815 1308 1908 temporis,
1341 1839 1381 1899 ac
1404 1827 1546 1886 nostrae
1568 1815 1720 1888 civitatis
1743 1817 1920 1908 inopiam:
1935 1840 2106 1912 „quarum

78 1973 152 2040 ago,
176 1937 285 2037 quod
300 1945 400 2004 tanta
414 1920 731 1996 mehenewlffltlt
746 1914 1007 2008 ⁶⁰mpletlerl⁸s
1033 1925 1067 1980 et
1118 1941 1238 2006 rerum
1258 1916 1422 1988 omnium
1446 1915 1612 2004 cogitatio
1635 1911 1724 1987 mibi
1753 1919 1972 1990 moesticiam
2003 1920 2108 1988 valde

78 2049 202 2144 optimi
229 2033 386 2132 parentis
407 2031 519 2102 Vitem
550 2039 625 2095 ¹³¹¹!
645 2021 835 2110 diligenter
855 2015 1067 2088 et'ssttt'dlote
1117 2019 1228 2094 auxit.
1278 2017 1431 2090 Moveor
1453 2032 1489 2090 et
1506 2020 1654 2111 privatis
1675 2033 1709 2090 et
1733 2020 1886 2110 publicis
1909 2022 2107 2092 incommo-

79 2155 153 2246 sgis.
209 2143 328 2216 Porro
349 2135 454 2206 etiam
480 2142 515 2200 te
531 2121 759 2196 vehementer
782 2143 888 2214 rogo,
917 2141 963 2186 ¹10
978 2115 1063 2210 quid
1118 2123 1193 2192 dis:
1218 2123 1278 2194 sed
1305 2121 1418 2198 multo
1439 2121 1552 2211 magis
1572 2123 1616 2191 de
1637 2133 1672 2191 te
1694 2133 1730 2192 et
1748 2135 1862 2194 matre
1877 2146 1956 2193 sum
1971 2123 2107 2194 sollici-

80 2247 355 2352 praetennittas,
377 2233 473 2332 quod
492 2232 536 2302 ad
558 2252 614 2298 me
638 2225 814 2318 pertinere
834 2219 1066 2292 existimabit:
1118 2238 1194 2309 tus,
1230 2247 1271 2294 ac
1302 2246 1428 2294 vereor
1453 2217 1547 2294 hauc
1572 2223 1791 2294 moesticiam
1813 2225 1916 2296 vobis
1939 2227 2106 2296 morbum
2198 2215 2204 2226 ’

80 2343 372 2432 commonefacias
388 2335 530 2420 sedulo,
551 2328 758 2402 tttwfinfflts
784 2325 823 2394 5¹¹
843 2323 961 2394 ⁰ffi⁰l⁰
985 2344 1066 2390 eum
1119 2327 1275 2420 aliquem
1297 2326 1484 2396 allaturam
1509 2349 1594 2400 esse.
1652 2321 1732 2396 Etsi
1755 2339 1872 2398 autern
1897 2327 1969 2398 scio
1990 2341 2024 2398 te
2053 2327 2108 2394 vi·

81 2465 134 2560 qni
147 2477 235 2532 tuae
249 2447 335 2522 fidei
350 2457 401 2514 cst
416 2436 694 2511 commendatus.
746 2425 787 2498 ld
809 2449 873 2518 ego
889 2438 930 2496 ut
947 2419 1066 2494 baete·
1118 2453 1201 2498 rum
1216 2428 1408 2521 praestanti
1422 2426 1555 2500 virtute
1570 2441 1604 2498 et
1620 2429 1749 2499 robore
1764 2429 1874 2498 animi
1895 2429 2107 2521 praeditum,

83 2591 141 2638 nus
155 2589 177 2633 a
193 2582 255 2630 me
271 2553 402 2622 factum
419 2565 491 2612 esse
507 2559 649 2620 censeo,
667 2528 797 2602 sttmmi
811 2525 971 2599 beneficii
987 2525 1066 2594 loco
1118 2554 1174 2602 res
1193 2532 1358 2609 aduersas
1373 2531 1554 2602 moderate
1572 2532 1681 2600 terre:
1699 2544 1818 2600 tamen
1833 2533 1877 2602 ad
1898 2545 1931 2602 te
1947 2531 2108 2602 scriben-

82 2671 219 2740 dncam:
247 2671 283 2727 ct
307 2650 378 2722 tuis
399 2640 547 2715 monitis
568 2637 695 2707 lubens
715 2629 989 2722 obtemperabo,
1022 2648 1068 2694 ne
1118 2635 1205 2702 dum
1227 2654 1302 2702 csse
1325 2630 1432 2714 duxi,
1465 2655 1537 2724 quo
1561 2626 1797 2717 saboneres,
1822 2647 1864 2704 ut
1880 2634 1938 2702 vel
1960 2647 2109 2725 propter

87 2771 170 2866 qnod
194 2755 329 2856 pupilli
351 2747 509 2823 officium
531 2739 732 2810 desiderare
755 2755 874 2826 queas·
925 2727 974 2801 Et
995 2726 1068 2798 utl·
1119 2745 1268 2804 matrem
1285 2747 1387 2805 tuum
1404 2733 1566 2804 dolorem
1581 2733 1709 2804 fortius
1733 2735 1924 2826 reprimas,
1951 2749 1985 2806 et
2007 2737 2106 2804 illam

89 2897 156 2944 nam
181 2883 310 2938 omnes
333 2853 383 2924 sie
408 2855 618 2928 statuerent,
640 2833 736 2909 nihil
758 2859 834 2944 esse
854 2831 967 2922 magis
980 2855 1068 2901 eou-
1119 2837 1232 2926 erigas
1249 2835 1321 2906 illis
1338 2834 1641 2906 consolationibus
1664 2860 1754 2928 quae
1776 2835 1883 2906 nobis
1905 2835 2108 2907 incoelesti

94 2975 226 3044 :eniens
242 2973 369 3034 nostro
382 2949 522 3034 ordini,
547 2970 587 3016 ac
609 2936 810 3035 pulchrius,
835 2959 944 3030 quam
965 2954 1067 3003 aures
1119 2939 1280 3010 doctrina
1295 2949 1564 3032 proponuntur,
1584 2959 1672 3031 quas
1687 2938 1942 3030 optimenosti.
1992 2936 2109 3010 Casti-

102 3077 246 3168 pnebere
266 3059 439 3149 benignas
454 3051 631 3144 sapienter
645 3039 929 3130 consulentibus:
957 3035 996 3104 in
1011 3059 1067 3102 me
1118 3054 1178 3132 gat
1190 3062 1259 3111 nos
1272 3041 1386 3122 Deus,
1413 3065 1488 3110 non
1504 3053 1543 3111 ut
1562 3039 1725 3111 funditus
1741 3064 1808 3110 nos
1824 3041 2020 3133 opprimat:
2045 3041 2106 3110 secl

102 3193 176 3248 :crte
195 3195 277 3244 eam
313 3157 523 3236 sententiam
550 3163 610 3220 tua
644 3141 848 3260 gravissima
883 3149 1067 3230 praecepa:
1118 3157 1159 3214 ut
1177 3146 1222 3212 ad
1240 3143 1501 3214 invocationem
1523 3163 1590 3212 nos
1609 3142 1795 3229 exuscitet,
1820 3167 1927 3238 quam
1949 3144 1980 3213 si
2004 3165 2107 3235 prae-

95 3307 154 3352 non
173 3267 406 3348 mediocriter
419 3257 651 3330 confirmant:
677 3267 867 3340 quomam,
894 3252 1065 3334 quantun·
1119 3245 1311 3325 stabimus,
1336 3243 1434 3315 Deus
1459 3239 1545 3314 haec
1564 3246 1694 3318 damna
1716 3245 1821 3316 nobis
1841 3246 1982 3317 sarciat:
2010 3259 2048 3317 nt
2075 3258 2110 3316 et

92 3387 244 3456 reserata
262 3365 498 3444 tenerisrecte
516 3349 719 3428 assuefieri,
744 3343 915 3434 intelligo·
956 3339 1067 3428 Perge
1121 3345 1208 3416 lobo
1244 3359 1278 3416 et
1311 3346 1435 3415 multis
1459 3345 1537 3414 aliis
1563 3346 1709 3415 amissas
1735 3348 1917 3420 facultates
1943 3348 2110 3423 restituit.

90 3489 185 3558 modo
203 3472 405 3551 miTutor‚
429 3453 698 3551 utsiqua(ceu
716 3447 830 3518 millia
844 3441 983 3515 homiui
1006 3464 1062 3510 at·
1118 3445 1383 3540 Haecetsaepe
1406 3447 1574 3537 cogitato,
1600 3449 1753 3518 etmatri
1772 3449 1940 3535 recitato,
1959 3474 2108 3544 eamque
2209 3491 2222 3508 „

89 3581 221 3676 sidunt)
238 3569 502 3670 displicebunt,
526 3551 776 3650 reprehendas·
827 3545 911 3620 Non
935 3559 1066 3616 temere
1119 3576 1138 3620 a
1154 3549 1366 3640 cogitatione
1381 3545 1487 3620 buius
1503 3549 1641 3619 adversi
1662 3571 1762 3621 casus
1778 3563 1837 3622 tua
1854 3552 2026 3622 suavitate
2043 3551 2109 3622 ab·

87 3695 214 3765 dictom
230 3671 510 3766 estasapiente:
535 3659 726 3733 Meliorem
749 3675 822 3724 0⁵⁸0
845 3649 1066 3720 manlftstaffl
1119 3653 1252 3726 ducito.
1300 3649 1379 3742 Ego
1396 3645 1539 3747 quoque
1552 3649 1670 3722 Deum
1688 3654 1818 3738 orabo,
1842 3667 1885 3724 ut
1909 3635 2020 3724 leniat
2044 3678 2108 3722 vo-

87 3783 394 3890 rsprehensionem
415 3767 550 3844 occulta
567 3759 772 3833 dilectione:
798 3765 833 3824 et
846 3751 963 3822 fidelia
985 3748 1067 3820 vul·
1118 3757 1175 3826 bis
1190 3755 1414 3826 difficultates
1428 3777 1551 3824 omnes
1569 3767 1714 3846 propter
1731 3755 1844 3824 lilium
1859 3779 1980 3826 suum:
2002 3779 2108 3850 quem

85 3925 162 3972 nen
175 3881 371 3979 ditigentts,
389 3895 495 3971 quam
511 3865 630 3938 ⁰⁵⁰¹¹l³
647 3857 785 3930 inimici
797 3851 1065 3926 ⁶⁰¹¹lt¹¹¹tell⁰⁵³·
1117 3861 1163 3930 ad
1179 3879 1246 3928 nos
1263 3857 1378 3942 misit,
1402 3871 1443 3927 ut
1455 3856 1579 3926 foedus
1595 3881 1675 3926 cum
1692 3851 1848 3926 humana
1868 3872 1994 3928 natura
2016 3858 2111 3926 iacc-

87 4003 184 4096 Quae
206 3983 402 4064 sententiae
422 3971 583 4048 omnium
607 3962 738 4036 animis
760 3957 887 4028 infixae
907 3977 980 4072 esse
1003 3953 1065 4022 de·
1117 3977 1191 4048 ret,
1215 3973 1256 4030 ut
1272 3955 1338 4029 hac
1353 3971 1495 4030 aeterna
1510 3957 1735 4050 copulatione
1757 3969 1946 4030 testaretur
1966 3983 2004 4028 se
2027 3982 2110 4028 vera

85 4109 182 4180 bant:
209 4107 251 4168 ut
267 4083 526 4172 intelligamus,
549 4069 701 4140 multum
726 4055 1064 4139 n⁰⁸d0b01213820
1118 4087 1204 4134 cura
1218 4063 1321 4134 adfici
1337 4061 1476 4153 generis
1492 4053 1653 4135 humani.
1704 4057 1905 4136 Bencvale.

131 4209 142 4224 '
169 4223 213 4274 us
227 4217 304 4268 non
316 4187 429 4270 vitae,
453 4179 514 4250 sed
530 4185 623 4244 recte
642 4163 787 4236 vivendi
810 4157 984 4252 principia
1006 4179 1066 4226 ac-

85 4309 251 4404 cepimus.
298 4287 457 4364 Maxima
483 4279 640 4350 dicamus
660 4264 828 4341 beneficia
849 4285 908 4345 ea,
935 4257 1066 4354 quibus

86 4418 126 4486 ad
157 4425 277 4480 veram
306 4393 472 4488 pietatem
502 4376 700 4452 erudimur:
735 4394 794 4452 ea,
827 4364 910 4459 quia
943 4361 1066 4432 abste

86 4511 171 4586 mibi
186 4501 311 4580 sedulo
327 4505 411 4566 sunt
425 4482 612 4582 praestita,
636 4473 739 4546 facile
754 4489 925 4560 agnosco,
951 4485 1066 4558 quan·
1169 4460 1203 4504 ⁰·
1217 4427 1331 4508 7⁰5⁴·

86 4623 128 4692 tis
150 4612 215 4687 tibi
239 4605 305 4675 sim
327 4594 512 4668 devinctus
535 4577 760 4654 nominibus:
786 4583 821 4642 et
843 4591 949 4662 qnam
977 4559 1068 4634 mibi

86 4709 303 4792 sitdilficile,
330 4717 444 4772 tecum
460 4702 594 4762 certare
610 4678 745 4751 officiis.
797 4671 836 4742 td
859 4694 945 4738 vero
967 4689 1066 4756 agam
1546 4631 1602 4720 Ν,
1633 4628 1687 4720 Ν,

85 4823 175 4920 quod
197 4811 268 4885 mei
290 4797 449 4876 muneris
466 4814 542 4880 ease¹
557 4804 706 4861 censeo,
730 4801 771 4848 ac
791 4773 959 4846 omnibus
981 4793 1068 4888 con.
1216 4773 1320 4854 mm
1336 4797 1435 4868 pm
1449 4809 1477 4866 P·
1489 4793 1551 4850 m·

87 4927 176 4998 nitar
187 4915 346 4990 viribus,
371 4915 413 4974 ut
429 4895 482 4968 tui
497 4888 628 4964 amoris
646 4881 930 4978 qualemcunque
952 4895 1068 4964 percr-

87 5029 157 5122 pias
171 5027 348 5096 fructum,
372 5018 408 5076 et
427 5001 465 5068 in
480 4991 657 5088 pupillum
674 4979 911 5072 gratissimum
927 4987 1067 5046 tanturn

89 5145 120 5202 tc
134 5119 326 5202 contulisse
344 5103 541 5180 officiomm
565 5085 755 5176 intelligis,
779 5093 820 5152 ut
840 5073 1069 5148 vehementer
1122 5099 1345 5190 mariaque
1371 5119 1489 5197 pam:
1540 5099 1632 5175 Cum
1651 5103 1758 5174 sciam
1786 5117 1821 5175 te
1839 5105 1997 5197 pericula
2013 5131 2116 5202 pm·

89 5235 239 5324 ganeas·
292 5211 384 5286 Vale
400 5205 451 5278 ml
467 5199 606 5276 'rum’
631 5205 665 5263 ‘¹
682 5211 739 5258 ¹¹¹²
753 5207 849 5256 Μ’
871 5203 966 5252 ‘¹¹¹³'
1119 5215 1232 5290 sentia
1253 5223 1335 5280 ante
1360 5207 1500 5302 aliquot
1523 5227 1638 5276 annos
1662 5207 1916 5298 praesensisse:
1949 5233 2053 5302 spero
2081 5225 2117 5282 te

1121 5322 1226 5416 etiam
1242 5333 1466 5406 praeparasse
1482 5307 1645 5378 animum
1662 5309 1705 5378 ad
1730 5331 1769 5378 ea
1795 5310 1975 5403 sapienter
1999 5312 2118 5384 leren-

1120 5427 1186 5512 da,
1201 5439 1292 5514 quae
1305 5413 1374 5483 iam
1392 5412 1571 5484 accidunt.
1629 5407 1754 5506 Teque
1770 5434 1856 5498 oro,
1877 5425 1916 5482 ut
1934 5426 1968 5484 te
1988 5415 2035 5486 ab
2050 5417 2118 5488 do·

1361 943 1476 1020 Patri
1499 944 1724 1024 charissimo
1749 950 1787 1028 S.
1806 951 1852 1026 D.

1370 4943 1610 5026 Chorisss'mo
1626 4951 1735 5053 patri
1756 4953 1792 5032 S.
1810 4951 1856 5029 D.
