4652 6178
260 265 358 351 aas
692 341 696 348 ,
871 233 1292 356 ouansrron'us
1323 249 1724 346 tennemonn
2196 287 2253 366 m

286 440 459 574 Μ
860 539 864 548 υ
1040 438 1270 526 amaseam
1318 431 1421 506 ribus
1441 449 1606 510 evertunt
1626 439 1784 534 imperia.
1836 439 1988 523 Utrum
2008 447 2257 539 fmsnntbonist

1051 533 1264 570 aaa.
1318 537 1490 609 „lurum
1510 541 1690 636 principes
1711 545 1751 614 in
1767 569 1877 638 regno
1893 545 2049 640 Persico,
2069 551 2184 649 Cyrus,
2202 559 2256 635 Da-

349 655 566 783 aaran·
597 649 723 782 cta
737 651 770 778 lt
783 645 1269 791 e¹·aan.·f·.tt·¹’··⁷⁶⁴··‘
1318 635 1893 838 tltslltt'ttt‘tlttt
1924 661 2256 852 tttdttt‘lt

276 899 524 1082 gegg
539 901 826 1104 χοεεχςχ
843 891 1269 1093 germ
1314 849 2130 1076 ratstsaa‘ut..tta‘aattl
2147 863 2257 1062 tete

276 1055 427 1184 bliuu’et
442 1111 483 1182 in
497 1107 560 1182 lib.
574 1109 617 1182 V·
630 1107 779 1180 'Potitio
794 1103 1029 1192 Aristotelis,
1055 1107 1223 1176 rectrato
1241 1125 1266 1174 a
1317 1062 1437 1138 ΡΜ
1457 1049 1532 1120 5¹¹⁰
1555 1065 1688 1144 menn
1704 1057 1820 1128 d⁰d¹²²
1847 1059 1977 1129 demde
1995 1084 2071 1130 ⁰⁰¹²
2086 1065 2254 1140 dotasse...

359 1215 465 1312 v·
485 1207 1182 1408 rotumgrrgmuu·
1317 1151 1951 1352 testamcutum
1966 1162 2256 1357 suumn

1316 1352 1423 1424 sidias
1451 1358 1595 1428 struxitr
1625 1359 1663 1428 in
1696 1385 1767 1454 quo
1791 1364 1919 1434 scelere
1940 1361 2165 1457 deprehensus
2182 1373 2254 1456 utin

274 1449 375 1538 Cum
390 1475 492 1534 vetus
506 1475 542 1534 et
555 1457 802 1532 honestissima
818 1458 1036 1528 consuetudo
1052 1451 1264 1528 scholarum
1316 1455 1520 1528 interfectus
1536 1475 1599 1536 est.
1649 1459 1698 1531 Hi
1716 1486 1831 1534 mores
1848 1489 1922 1536 non
1938 1467 2001 1538 dtu
2017 1469 2159 1542 retinent
2173 1496 2254 1562 regn

272 1566 377 1636 vobis
394 1579 478 1636 nota
493 1565 557 1650 sit,
582 1588 666 1650 oro,
692 1587 737 1632 ne
751 1585 831 1630 meo
846 1560 995 1630 consilio
1011 1582 1086 1640 me,
1112 1559 1264 1630 oblitum
1315 1555 1420 1628 Stant
1437 1560 1545 1648 igitur
1564 1563 1820 1657 aliquantisper
1838 1566 2005 1660 imperia,
2030 1573 2134 1644 donec
2147 1571 2203 1642 Dei
2214 1577 2253 1643 bc·

273 1668 396 1740 aetatis
410 1681 445 1738 et
459 1665 599 1751 decori,
625 1663 813 1756 sumpsisse
829 1657 917 1732 mihi
934 1657 997 1730 has
1012 1673 1130 1754 partes
1144 1661 1264 1731 existi·
1315 1660 1440 1732 neficio
1469 1663 1602 1734 dantur
1631 1667 1885 1752 gubernatores
1914 1670 2045 1740 virtute
2075 1687 2251 1762 praestantes

270 1769 390 1840 metis:
418 1771 478 1838 sed
501 1768 698 1838 necessitati
720 1766 840 1859 potius
862 1777 898 1835 ct
914 1775 1180 1856 praeceptorum
1199 1789 1264 1832 vo-
1313 1757 1454 1834 Deindc
1469 1765 1629 1857 sequitur
1644 1767 1827 1854 interitus,
1852 1771 1936 1862 quia
1951 1774 2081 1862 posteri
2095 1797 2151 1844 seu
2163 1792 2250 1846 natura

271 1871 685 1962 luntatiobtemperassr.
738 1863 786 1938 Et
801 1889 1004 1961 quanquam
1020 1865 1059 1934 in
1075 1865 1263 1936 audiendis
1313 1885 1375 1934 seu
1396 1864 1605 1957 disciplinae
1622 1869 1841 1959 neglectione
1857 1871 1941 1942 sunt
1956 1875 2151 1950 deteriores.
2192 1875 2249 1948 lou

270 1973 480 2058 iuvenibus,
505 1986 547 2042 ut
568 1971 747 2041 crescendi
766 1969 946 2060 copiosis,
972 1967 1186 2060 aequitatem
1201 1992 1261 2038 ex·
1312 1966 1412 2036 tarsis
1434 1979 1469 2036 et
1487 1969 1609 2040 stellae
1628 1985 1808 2044 maturant
1823 1973 1978 2061 excidia,
2001 1991 2041 2046 ut
2056 2001 2143 2047 nune
2156 1978 2249 2061 dicunt,

195 2075 198 2088 '
269 2075 392 2146 imiam
412 2073 610 2168 praestatis:
638 2087 756 2142 tamcn
774 2085 815 2142 ut
834 2095 890 2139 me
908 2070 1261 2162 patienter-audiatis,
1312 2081 1418 2158 caput
1432 2067 1603 2142 Medusae
1621 2073 1704 2144 urbi
1720 2072 1857 2148 Romae
1880 2077 2111 2148 mutationem
2126 2079 2248 2152 minitari.

267 2200 455 2270 meamque
483 2175 684 2247 orationem
713 2173 800 2242 boui
822 2171 1032 2250 consulatis,
1066 2194 1132 2240 nos
1152 2171 1259 2240 etiam
1311 2165 1381 2237 Sed
1404 2193 1484 2239 cum
1507 2166 1616 2244 huius
1636 2176 1862 2263 gravissimae
1883 2179 2097 2272 quaestionis
2113 2181 2244 2272 explicatio
2279 2253 2281 2262 ς

268 2294 374 2374 ,tque
395 2279 499 2348 etiam
522 2301 598 2347 010,
651 2273 793 2345 Faciam
808 2274 922 2358 enim,
947 2271 1083 2340 etiamsi
1102 2272 1260 2342 novitate
1310 2271 1468 2362 requirat
1488 2271 1593 2364 longe
1611 2277 1841 2348 eruditiorem
1859 2279 2149 2372 disputationem,
2168 2281 2242 2350 deleto

267 2379 467 2471 argumenti
490 2379 626 2470 placere
648 2400 723 2446 non
746 2388 889 2468 potero,
915 2387 957 2444 ut
978 2387 1124 2465 propter
1121 2374 1260 2465 hrevi-
1310 2393 1387 2439 eam
1408 2375 1452 2442 ad
1472 2373 1716 2448 doctissimum
1740 2379 2071 2464 virumDoctorem
2087 2373 2246 2480 Caspasum

267 2495 375 2552 tatem
396 2481 515 2552 miuus
532 2479 667 2570 ingrata
685 2479 730 2548 sit
746 2475 870 2551 oratio.
921 2474 1089 2565 Legimus
1104 2473 1258 2566 Pompe-
1309 2464 1567 2566 Crueigerum,
1600 2503 1706 2572 quem
1728 2505 1814 2565 oro,
1834 2495 1877 2552 ut
1901 2499 2075 2576 quantum
2098 2483 2246 2576 nuncqui·

267 2583 356 2668 ium,
382 2607 463 2654 cum
479 2582 592 2654 victus
609 2581 645 2650 in
660 2581 793 2674 praelio
809 2575 1013 2648 Pharsalico
1028 2576 1066 2646 in
1083 2577 1164 2666 luga
1173 2575 1257 2671 My.
1308 2575 1390 2644 dem
1410 2577 1486 2646 ficri
1505 2591 1634 2668 potest,
1660 2583 1703 2652 de
1721 2606 1760 2652 ca
1780 2584 1939 2654 disserat.
1993 2581 2071 2656 Etsi
2087 2585 2245 2656 autensine

265 2687 401 2756 tilcnen
416 2686 459 2755 ad
475 2684 662 2775 coniugem
677 2683 841 2766 venisset,
866 2679 1075 2770 fugitantem
1090 2703 1256 2768 cougres-
1307 2701 1437 2768 magno
1456 2681 1578 2750 dolore
1597 2683 1706 2774 aspici
1724 2697 1785 2754 aut
1802 2685 1949 2774 cogitari
1965 2688 2091 2757 ruinae
2106 2709 2245 2777 regnorum

265 2811 324 2860 sus
347 2787 500 2874 civium,
523 2787 691 2881 aquibus
712 2781 934 2875 hospitaliter
949 2781 1185 2866 invitabatur,
1211 2783 1256 2852 ad
1308 2804 1383 2848 nou
1405 2795 1571 2871 possunt:
1597 2797 1715 2854 tamen
1738 2809 1804 2857 nos
1825 2800 2009 2860 teneamus
2031 2786 2246 2860 haucconsola-

264 2893 378 2961 utrum
395 2889 578 2959 divertisse
589 2885 798 2980 Cratippum
808 2878 1078 2974 Philosophum,
1105 2905 1146 2952 ac
1159 2883 1253 2972 apud
1305 2881 1458 2967 tionem,
1482 2879 1675 2954 Ecclesiam
1690 2884 1758 2958 Dei
1780 2911 1985 2960 mansuram
2009 2914 2098 2977 esse,
2122 2887 2245 2984 qnaeali-

264 3017 347 3062 eum
358 3006 478 3062 contra
489 2989 749 3083 providentiam
760 2986 869 3056 multa
881 2987 1085 3075 disputasse,
1109 2985 1203 3076 quod
1216 2985 1253 3054 in
1305 3005 1375 3078 qua
1404 2984 1442 3052 in
1472 2985 1575 3054 terris
1600 2982 1750 3079 hospitia
1777 2985 1938 3060 habebit:
1974 3017 2065 3085 quae
2089 2993 2245 3086 quidemn

263 3116 367 3164 causa
390 3093 554 3176 iustiore,
579 3105 620 3164 ut
638 3091 713 3183 ipse
730 3087 984 3171 contendebat,
1010 3110 1029 3155 a
1044 3081 1118 3154 Deo
1134 3087 1254 3156 deser·
1303 3081 1377 3181 ¹siut
1391 3087 1600 3179 tranquilla,
1625 3088 1729 3159 faciat
1743 3087 1839 3162 Deus
1853 3107 2019 3164 aeternus
2035 3093 2133 3165 Pater
2145 3088 2245 3166 Domini

263 3207 322 3265 tus
344 3208 451 3274 emet,
477 3192 528 3263 ibi
544 3191 733 3284 Cratippus
755 3205 794 3261 ut
814 3191 913 3258 illius
937 3188 1097 3257 dolorem
1113 3187 1252 3270 leniret,
1303 3187 1417 3260 nostri
1435 3187 1514 3260 lesu
1528 3184 1676 3266 Christi.
1726 3189 1823 3265 Dixi.

262 3309 388 3367 contra
408 3297 593 3384 disseruit,
621 3293 748 3364 multas
768 3315 841 3362 csse
857 3312 995 3376 causas,
1017 3289 1146 3380 partim
1159 3285 1252 3383 phy·
1594 3371 1603 3390 ·

255 3397 352 3468 sicas
376 3421 415 3468 ac
437 3397 579 3483 fatales,
610 3396 736 3490 partim
759 3394 928 3478 morales,
959 3405 994 3462 et
1016 3386 1140 3460 harum
1165 3391 1252 3462 aliae
1393 3383 1396 3394 ’
1445 3367 1622 3455 ¹3²⁸me
1649 3373 1694 3441 D·
1723 3371 1903 3460 culpari
1931 3375 2150 3464 crussitl‘lf·

262 3499 467 3591 propiores,
491 3499 578 3569 alias
601 3497 827 3582 remotiores,
849 3519 913 3566 cur
937 3491 1084 3584 imperia
1109 3506 1251 3563 muten-
1404 3491 1593 3586 Perspicua
1618 3509 1651 3568 et
1672 3497 1826 3569 illustria
1846 3501 2051 3572 testimonia
2068 3515 2146 3572 suut
2162 3495 2245 3592 prov'e

260 3615 332 3676 tur.
383 3595 463 3671 Etsi
484 3614 601 3672 autem
623 3596 709 3670 haec
730 3611 828 3668 tanta
845 3597 1003 3690 quaestio
1017 3595 1122 3684 longe
1137 3617 1250 3665 meam
1301 3595 1442 3665 dentiae
1458 3597 1611 3682 divinae,
1637 3613 1729 3670 certa
1744 3625 1933 3692 corporum
1952 3603 2150 3675 coelestium
2164 3615 2192 3672 et
2202 3599 2247 3668 ele·

261 3716 409 3774 aetatem
440 3717 595 3794 superat:
631 3715 747 3773 tamen
769 3713 811 3770 nt
832 3700 870 3767 in
893 3697 1055 3788 regendis
1077 3695 1250 3784 moribus,
1302 3711 1503 3768 mentorum
1533 3699 1656 3786 series,
1688 3701 1775 3771 certi
1800 3703 1956 3772 siderum
1982 3719 2116 3791 motus,
2144 3727 2178 3774 ac
2195 3721 2247 3790 spe

260 3818 293 3877 et
318 3805 356 3873 in
378 3804 543 3874 omnibus
565 3805 657 3874 vitae
679 3803 855 3901 corrsiliis,
881 3801 1110 3869 modestiores
1127 3798 1248 3881 simus,
1301 3800 1433 3869 cirrum
1457 3802 1697 3886 conservatio,
1720 3816 1755 3873 et
1779 3805 1909 3874 mentis
1933 3799 2109 3876 humanae
2130 3803 2247 3878 notitias

260 3907 332 3977 dici
347 3906 483 3999 aliquid
498 3908 542 3976 de
558 3905 792 3976 mutationum
809 3901 1091 3973 causisutileest.
1144 3899 1247 3971 Plato
1301 3923 1391 3994 quae
1418 3915 1500 3971 sunt
1523 3903 1652 3972 artium
1677 3905 1804 3980 fontes.
1867 3903 1966 3976 Haec
1987 3909 2106 3978 omnia
2127 3903 2246 3976 cumiu-

259 4033 335 4078 rem
350 4007 645 4078 tentaminvolvit
657 4005 935 4096 aenigmatibus,
959 4002 1143 4096 inquiens,
1165 4025 1264 4073 cau-·
1301 4018 1458 4088 tuemur,
1482 4003 1585 4076 lateri
1608 4006 1785 4094 cogimur,
1807 4030 1881 4078 esse
1896 4023 2052 4082 mentem
2068 4005 2246 4080 Architectu-

258 4135 332 4180 sam
358 4133 448 4194 esse,
475 4133 538 4182 cur
559 4123 741 4180 mutentur
763 4107 929 4198 imperia,
955 4105 1037 4197 quia
1058 4105 1249 4197 sesquiter·
1300 4107 1423 4177 tricem
1449 4106 1593 4191 mundi,
1626 4131 1716 4200 quae
1739 4109 1826 4180 velit
1848 4110 1917 4178 coli
1942 4109 2041 4182 iuxta
2064 4125 2246 4182 normann

258 4212 308 4283 tia
323 4213 422 4299 radis
438 4211 556 4282 iuncta
573 4211 758 4304 quinario,
783 4211 871 4278 duas
887 4207 1013 4276 efficiat
1028 4199 1246 4278 harmonias:
1299 4209 1411 4298 leges,
1437 4231 1525 4302 quas
1544 4209 1649 4278 nobis
1667 4209 1810 4284 indidit.
1861 4207 1988 4282 Postea
2006 4235 2174 4282 verorum
2188 4227 2246 4276 cou-

228 4311 352 4384 'nltra
383 4336 468 4406 quas
496 4337 576 4384 cum
606 4327 732 4382 natura
761 4324 880 4402 postea
907 4307 1097 4378 deteriores
1119 4308 1247 4397 gignat,
1298 4311 1455 4380 lusiones
1485 4310 1736 4402 imperiorum,
1764 4311 1920 4402 gentium
1942 4313 2107 4386 interitus
2126 4326 2155 4382 et
2173 4303 2247 4378 dissi·

249 4415 504 4485 ·circumactam
530 4416 716 4506 periodum
742 4413 844 4481 linire
870 4411 1027 4502 imperia.
1089 4405 1167 4478 Hoc
1190 4412 1246 4480 di·
1298 4412 1459 4504 potiones
1481 4412 1667 4484 intuentur
1691 4407 1870 4498 homines,
1892 4415 2038 4488 attoniti
2054 4409 2246 4487 admiratione

257 4531 352 4587 ctum
381 4516 495 4584 multo
520 4519 705 4587 obscurius
727 4527 778 4585 est
794 4513 951 4608 Sibyllae
974 4511 1085 4581 soliis:
1111 4513 1170 4581 scd
1193 4527 1246 4585 ta·
1298 4528 1463 4608 stupent,
1502 4537 1543 4583 ac
1572 4537 1694 4584 rursus
1723 4515 1910 4598 dubitant,
1952 4543 2000 4587 an
2029 4541 2109 4588 casu
2135 4507 2246 4604 imperia

256 4643 340 4688 men
363 4618 448 4712 qnid
473 4613 561 4686 mihi
586 4619 765 4700 videatur,
794 4617 949 4685 breviter
969 4615 1096 4684 dicam.
1158 4613 1246 4685 Vult
1298 4630 1503 4697 nascautur,
1547 4629 1581 4686 et
1611 4639 1734 4686 rursus
1764 4640 1846 4686 casu
1878 4619 2101 4700 dilabantur,
2138 4629 2173 4684 ut
2195 4611 2246 4678 luc·

250 4715 358 4795 ¹Plato
382 4745 454 4788 esse
476 4721 596 4812 aliquo
622 4721 727 4788 modo
744 4719 848 4787 linem
865 4743 884 4786 a
900 4729 1025 4785 natura
1040 4715 1244 4786 ordinatum
1297 4720 1467 4788 micarum
1498 4717 1670 4792 examina.
1721 4715 1808 4788 Nec
1835 4721 1993 4809 prolecto
2022 4719 2150 4790 tristius
2173 4712 2245 4780 illm

254 4821 499 4910 imperiorum,
524 4819 841 4904 sirntinMusicis,
865 4811 1099 4908 uhipostdeol
1113 4823 1245 4892 πασῶν
1297 4820 1533 4910 spectaculum
1566 4833 1637 4898 est,
1682 4843 1790 4912 quarn
1821 4821 1952 4892 intueri
1981 4821 2065 4892 inde
2094 4839 2192 4910 usque
2216 4808 2244 4878 ab

173 4915 182 4931 '¹
234 4919 406 4992 'alterius
422 4937 546 4994 natura
569 4949 643 4992 non
667 4923 900 5014 progreditur.
960 4918 1018 4988 Fit
1041 4933 1158 4990 autem
1180 4915 1243 4994 διὰ
1296 4921 1401 4992 initio
1447 4922 1568 4990 ruinas
1615 4933 1667 4990 tot
1706 4921 2039 4994 florentissimorum
2082 4935 2245 5008 regnorum·

255 5027 387 5095 πασῶν
402 5024 531 5094 iunctis
548 5020 610 5097 ded
627 5017 819 5116 τεσσάρων
836 5039 870 5093 rt
886 5016 949 5094 dede
962 5017 1077 5095 πέντε,
1130 5019 1242 5094 Hicet
1296 5021 1439 5113 Quanta
1469 5023 1580 5092 virtus
1608 5022 1677 5092 fuit
1700 5022 1852 5094 civitatis
1874 5022 2040 5094 Atticae?
2084 5021 2243 5108 Nuncqu

256 5127 440 5196 coelestem
455 5151 634 5210 arcarmm,
663 5140 697 5195 et
711 5127 880 5193 moralem
894 5147 1033 5193 causam
1049 5125 1243 5213 coniungit.
1295 5124 1334 5192 iu
1364 5126 1444 5194 loco
1473 5125 1605 5208 fuerit,
1636 5148 1712 5194 non
1740 5124 1824 5194 satis
1852 5125 1936 5196 sciri
1956 5137 2082 5218 potest.
2130 5122 2244 5208 Propter

255 5224 525 5320 Aliquantispcr
540 5229 645 5323 sentit
661 5228 756 5316 gigni
772 5227 885 5294 honos
898 5241 932 5294 et
947 5237 1163 5316 praestantes
1177 5247 1243 5313 gu·
1295 5222 1386 5297 hanc
1399 5239 1533 5296 tantam
1547 5207 1750 5296 varietatem
1765 5243 1954 5298 eventuum
1971 5227 2082 5297 multa
2095 5226 2136 5294 de
2146 5211 2243 5290 causi!

253 5329 478 5408 hernotus-es,
523 5355 675 5424 quorum
705 5327 834 5397 virtute
865 5339 1051 5398 teneantur
1084 5327 1241 5416 imperia,
1295 5326 1533 5398 mutationum
1561 5321 1774 5419 Philosophi
1803 5327 2066 5420 quaesiverunt.
2119 5323 2181 5396 Nec
2203 5337 2243 5384 et·

251 5446 370 5522 postea
396 5431 443 5500 ait
471 5433 565 5500 nasci
589 5429 848 5518 languidiores,
875 5428 937 5521 qni
960 5428 1025 5518 ipsi
1047 5429 1120 5498 suis
1141 5431 1241 5500 furo·
1294 5429 1419 5536 plicari
1435 5452 1490 5498 res
1505 5427 1573 5498 nisi
1589 5427 1627 5496 iu
1641 5429 1803 5500 doctrina
1815 5426 1992 5502 Ecclesiae
2006 5440 2124 5528 potest.
2168 5419 2243 5494 Pltlt
2277 5475 2278 5492 ι
