4652 6178
83 277 161 356 767
672 267 1098 382 adamnanus
1128 257 1532 372 actuatatcau
2043 277 2119 364 750

190 451 302 544 Quod
337 475 422 525 sero
456 451 501 524 de
534 451 692 525 armarii
724 435 853 524 ordine
883 445 1078 522 hurnornsn
1127 433 2116 530 buscommcndetionibusingeniipersfaeendam0212

85 557 249 654 quaeris,
274 554 512 628 consideratio
534 555 715 648 dignaret
740 550 886 626 bonnae
907 552 1078 626 studioso·
1127 543 1231 615 duco.
1291 535 1340 613 Ει
1364 532 1433 610 boo
1453 538 1654 630 exemplum
1677 553 1839 614 nostrum
1863 559 1979 622 oestuo
2004 554 2115 643 perti-

85 657 242 730 Moveor
258 671 376 730 autem
398 659 573 730 vocabulo
596 652 789 754 θρομβὸς,
815 669 857 728 ot
880 655 1074 726 existimem
1126 666 1211 716 nere
1232 642 1278 712 ad
1302 641 1391 712 alios
1415 663 1557 734 quoque
1583 641 1821 716 adolent-’niet
1842 645 2046 728 invitandos
2068 659 2113 730 ad

81 757 186 832 bunc
200 761 368 832 sudorem
383 759 637 832 resolutionem
655 761 763 830 luisse
783 759 895 830 totius
917 755 1075 850 corporis
1127 743 1368 818 ohedienlltffl
1385 765 1465 833 018³
1479 739 1591 832 1⁶²3&
1605 756 1639 816 ei
1658 741 1916 838 Preces-ptores.

82 861 318 956 languefscti,
345 875 379 934 et
394 862 466 932 iam
482 856 616 934 biantis
642 874 678 932 et
700 859 907 952 dissipantis
930 857 1076 948 sangui·
1229 844 1325 936 Quia
1354 869 1438 916 vero
1458 845 1522 918 tali
1547 858 1706 938 tempore
1727 851 1951 941 quaestiones
1973 855 2114 952 aliquae
2169 865 2172 872 ’
2197 933 2210 954 ,

82 989 188 1050 nem,
213 977 388 1037 etomnes
405 963 509 1036 vires.
560 961 913 1047 Nobisl'aciliusest,
939 963 984 1031 de
1007 961 1074 1030 do·
1125 948 1165 1018 in
1179 943 1247 1020 hot
1263 948 1342 1018 ¹⁰⁸⁰
1359 947 1651 1032 trattatiwlfflh
1676 949 1816 1018 decrevi
1834 965 1947 1044 etego
1970 957 2003 1026 ei
2026 981 2113 1032 con·

82 1069 225 1140 loribus
240 1065 381 1138 usitatis
395 1079 430 1138 et
444 1065 640 1136 levioribus
652 1065 767 1159 loqui,
788 1065 826 1134 in
842 1063 974 1158 quibus
987 1061 1074 1154 ipsis
1123 1049 1307 1122 ‘uetudini
1339 1049 1497 1124 ⁰b⁰diffi
1558 1045 1612 1120 dc
1643 1051 1883 1142 (tutfflionem
1914 1081 2112 1151 proponam

82 1185 205 1242 umen
221 1191 328 1264 quam
344 1167 456 1240 multa
470 1167 640 1238 accidunt
655 1165 858 1238 contraria?
1125 1152 1269 1242 digram
1284 1150 1565 1222 consideratione
1579 1145 1765 1221 hominum
1777 1155 2011 1251 eruditorum,
2031 1187 2110 1240 cnm

186 1283 278 1359 Cum
304 1298 422 1356 antem
447 1278 535 1354 haec
558 1283 743 1376 explicatio
769 1283 912 1374 longius
934 1294 1073 1376 tempus
1123 1268 1270 1346 limile?
1291 1255 1509 1343 ²¹0¹¹¹l¹¹¹¹¹¹¹2
1542 1266 1616 1322 ²⁰¹⁰
1640 1261 2042 1352 V010P1'0Plffmulffls
2066 1271 2112 1340 de

82 1388 262 1484 aqum,
288 1387 376 1458 2113,
393 1400 428 1458 οι
445 1409 507 1478 230
525 1400 558 1458 εἰ
575 1399 615 1458 m
630 1411 710 1456 cum
730 1387 871 1472 amicis,
897 1384 984 1454 ,affl
1006 1387 1073 1468 do,
1124 1357 1256 1451 quibus
1269 1379 1334 1425 nos
1349 1355 1486 1426 utiliter
1502 1347 1587 1424 baec
1602 1349 1750 1426 historia
1765 1373 1899 1432 monet.

81 1491 263 1575 ctissimis,
302 1485 531 1579 Theologicis
563 1501 598 1560 et
631 1485 803 1575 Medicis,
845 1487 1070 1558 disseremus.
1225 1455 1316 1530 cum
1342 1457 1429 1528 uri*
1446 1449 1668 1528 Aihenflmm
1684 1455 1988 1556 D¹¹⁶⁶L5³³¹¹d¹¹⁰
2009 1483 2110 1562 ⁰⁸92!

81 1596 154 1666 Sed
169 1593 242 1662 sint
263 1585 329 1662 hac
344 1591 622 1682 disputationes,
646 1603 688 1660 ut
710 1591 804 1676 dixi,
829 1589 987 1674 sobriae,
1008 1609 1073 1657 ve.
1123 1575 1231 1646 esset,
1257 1573 1388 1628 mutata
1402 1556 1637 1650 Reipublicae
1659 1561 1794 1642 torma,
1820 1565 2002 1642 constituti
2029 1584 2113 1643 snut

85 1697 280 1780 secundae,
306 1706 342 1764 et
356 1693 451 1784 piae:
476 1706 564 1764 etut
579 1707 661 1762 ante
677 1692 812 1764 dictum
836 1705 905 1778 est,
938 1691 983 1760 de
1005 1691 1072 1760 ob-
1123 1661 1210 1734 ⁸1¹³

1212 1661 1449 1732 cedaemouiis
1464 1661 1659 1730 victoribus
1673 1661 1815 1752 triginta
1833 1661 2112 1760 Gubernatorea,

83 1801 175 1870 iecto
197 1797 304 1868 etiarn
327 1796 540 1884 cogitemus,
572 1807 607 1864 et
628 1797 672 1864 de
693 1794 903 1866 admiranda
923 1787 1071 1862 bumili—
1123 1765 1187 1858 ‘lui
1204 1779 1321 1883 P⁰⁵¹²³
1336 1763 1420 1832 fimi
1436 1777 1520 1834 ⁸⁰⁰¹
1534 1761 1716 1858 Tifflssssb
1742 1767 1909 1845 caedibus
1928 1785 1962 1842 et
1977 1775 2112 1864 rapinis

82 1893 327 1977 antechristi,
360 1897 589 1990 quiquidem
611 1910 645 1968 et
667 1920 732 1967 suo
756 1893 1072 1987 exemplonosin-
1122 1891 1245 1936 ⁰¹⁰⁰¹³
1268 1877 1461 1945 V³⁵¹³¹¹l⁸³³
1499 1865 1547 1935 51³¹
1575 1880 1614 1935 ⁰²
1639 1861 1914 1940 Albflnlfflssittffl
1947 1875 2111 1952 exulibus

81 2005 191 2086 citat,
231 2015 272 2072 ut
295 2021 361 2068 nos
392 1999 612 2073 abiiciamus.
654 1993 840 2070 ‘Sinamus
861 1995 1070 2087 Pompeium
1122 1983 1197 2040 ²⁰¹³
1215 1963 1687 2060 9⁰⁰⁰G‘30032t‘29l010211f·
1722 1967 2111 2050 Donectandemunus

80 2106 209 2176 ardere
228 2101 443 2186 ambitione,
476 2101 540 2194 qui
565 2101 806 2172 delectabatur
829 2093 899 2170 hoc
921 2095 1071 2168 Homeri
1123 2093 1165 2142 ²¹
1181 2069 1292 2162 P⁰¹⁸i⁵
1316 2067 1475 2186 ‘ivfbffis
1498 2065 1747 2186 :filffiyblffhss
1769 2073 1929 2144 inimum
1951 2079 1996 2147 dd
2019 2079 2131 2150 libe·-

82 2203 275 2278 peniculo,
1122 2173 1272 2242 caudam
1287 2184 1439 2262 patriam
1453 2169 1599 2256 adrecst,
1625 2195 1689 2263 qur
1702 2171 1846 2244 collecta
1861 2199 1969 2248 manu
1985 2203 2028 2252 ex
2042 2183 2111 2252 mi-
2181 2247 2186 2254 ,

127 2345 132 2352 ·
167 2317 233 2384 aide
254 2313 437 2402 ἀριστεύειν,
467 2315 519 2381 sal
541 2309 704 2400 ὑπείροχον
725 2311 852 2398 ἔμμεναι
873 2311 988 2380 ἄλλων.

186 2435 234 2509 Ει
256 2463 433 2509 summum
456 2438 591 2508 bonum
614 2437 651 2505 id
677 2461 789 2506 unum
813 2437 979 2528 putabat,
1007 2457 1072 2505 an-

79 2542 244 2614 tecellere
257 2541 426 2611 omnibus
440 2540 579 2610 civibus
597 2539 722 2628 gloria.
768 2537 842 2608 Nos
860 2563 943 2608 vero
958 2551 992 2606 et
1010 2559 1071 2605 ex-

79 2645 239 2736 eruptum
256 2639 392 2713 Christi
415 2643 617 2725 imitemur,
643 2654 677 2710 et
699 2663 821 2709 vocem
850 2641 925 2708 eius
946 2641 1071 2708 audia-

79 2770 181 2832 mus,
207 2745 246 2813 in
263 2769 331 2839 qua
348 2745 450 2814 dicit:
478 2743 610 2814 Discite
629 2765 648 2810 a
665 2765 741 2828 me,
765 2742 849 2836 quia
866 2741 962 2810 mitis
982 2763 1071 2825 sum,

77 2863 114 2920 et
133 2843 281 2918 humilis
298 2849 414 2918 corde.
466 2843 564 2920 Dixi.

76 3219 146 3292 Nu.
159 3221 221 3294 99.

78 3319 219 3346 Nm

842 3220 1071 3344 DQ,

149 3433 181 3490 la
203 3431 366 3512 Quaestlen.
389 3447 417 3500 p.
433 3429 479 3511 dd.
501 3439 529 3484 et
546 3427 574 3482 io
589 3390 764 3484 'Declamatb
785 3427 867 3484 Tam.
882 3428 933 3485 ill.
957 3428 1069 3490 Reiord.

184 3502 235 3558 iol.
249 3505 282 3556 tt.
316 3499 493 3568 (ilrcbrcdrus
506 3497 577 3552 banc
590 3506 692 3570 quaest.
707 3516 766 3551 non
781 3498 880 3568 babet.)

80 3663 260 3746 Quaestio
287 3653 336 3729 de
350 3659 543 3728 Pausania
557 3658 659 3750 Repe
673 3649 1070 3746 Lacedaemoniorum,

74 3765 270 3858 proposita
287 3763 378 3832 aM.
392 3756 572 3831 Sebast.
589 3757 758 3830 (llaser
780 3759 821 3826 tn
840 3761 1070 3848 proamttcae

272 3865 569 3960 Mapistroram,
597 3857 630 3932 l.
645 3862 749 3950 Sept.
770 3857 876 3932 tata.

76 3991 171 4078 Scio
196 4003 245 4074 ob
272 3993 363 4070 banc
385 4021 525 4068 causam
546 3995 650 4064 nobis
672 3995 816 4063 decerni
839 3990 905 4064 hos
927 3997 1066 4084 gradus,

76 4121 119 4178 ut
136 4127 210 4176 non
226 4117 364 4173 tantum
380 4099 524 4189 ingenio
535 4111 570 4168 et
585 4091 1068 4168 doctrinaeEcclesiaerri-

76 4209 124 4280 sti
147 4230 187 4276 ac
206 4203 439 4296 Reipublicae
461 4198 716 4284 inserviamus,
750 4222 873 4266 verum
897 4213 939 4270 ut
962 4199 1068 4270 etiam

77 4307 272 4382 modestiae
304 4318 410 4398 atque
442 4298 663 4374 obedientiae
697 4299 856 4390 exemplo
891 4299 1068 4372 iuventuti

78 4411 275 4506 prosimus,
309 4421 344 4478 et
363 4419 404 4476 ut
427 4404 540 4476 nostri
560 4425 675 4472 mores
696 4401 775 4470 aliis
801 4401 902 4494 quasi
925 4403 1067 4494 praelu-

78 4525 194 4586 ceant.
245 4507 326 4580 Non
342 4508 437 4576 enim
452 4529 509 4574 me
523 4503 632 4594 sugit,
658 4527 764 4596 qtram
779 4503 976 4594 perniciose
992 4529 1068 4574 me-

78 4627 227 4688 reantur
251 4612 296 4680 de
318 4607 476 4680 Ecclesia
495 4619 528 4676 et
551 4605 770 4699 Republica,
796 4605 859 4697 qui
881 4619 921 4676 ut
942 4603 1067 4676 Cicero

76 4719 147 4796 ait,
174 4739 249 4784 non
272 4713 392 4782 minus
414 4706 569 4800 graviter
590 4707 769 4798 exemplo,
793 4731 900 4798 quam
925 4724 1066 4798 peccato

78 4832 223 4890 nocent.
275 4811 368 4886 Cum
393 4811 501 4902 igitur
525 4807 614 4878 mibi
638 4823 673 4879 et
696 4807 832 4898 legibus
848 4802 1008 4894 scholae,
1033 4825 1068 4880 et

76 4945 166 4994 voce
191 4932 456 5010 praeceptorum
474 4913 679 4994 mandetur,
704 4927 745 4980 ut
761 4909 800 4978 in
817 4903 885 4980 hoc
902 4935 1066 4984 consessu

73 5021 214 5118 aliquid
233 5021 368 5090 dicam:
405 5015 523 5084 iudico
546 5037 620 5082 non
644 5011 778 5102 ingenii
800 5025 862 5082 aut
886 5013 1067 5084 doctrinae

73 5123 352 5198 ostentationem
367 5119 522 5212 aliquam
541 5109 630 5184 mihi
647 5113 860 5206 propositam
876 5137 961 5194 esse,
978 5141 1067 5208 quo.

72 5253 160 5300 rum
183 5239 365 5315 utrunque
386 5245 493 5314 quarn
518 5219 556 5286 in
583 5241 638 5286 me
662 5231 767 5285 tenue
792 5216 860 5300 sit,
889 5216 1067 5307 intelligo:

73 5331 149 5402 Sed
167 5325 410 5398 observantiae
427 5343 507 5410 erga
524 5331 766 5412 praeceptores
781 5331 885 5410 atque
899 5319 1069 5390 obedien-

75 5435 150 5505 tiae
161 5429 319 5500 oilicium
335 5453 353 5496 a
371 5449 425 5494 me
440 5421 542 5512 erigi,
559 5421 658 5490 cuius
677 5417 817 5489 laudem
832 5419 936 5512 longe
950 5423 1068 5492 ornni.

1122 2273 1210 2344 seris
1225 2271 1386 2365 reliquiis
1401 2269 1588 2361 dissipatae
1608 2272 1726 2360 urbis,
1753 2272 1943 2368 Tyrannos
1967 2281 2110 2372 invasit,

1122 2399 1254 2468 eosque
1281 2373 1388 2444 semel
1416 2385 1523 2466 atque
1552 2373 1681 2444 iterum
1715 2375 1847 2462 victos,
1883 2379 2111 2474 aSpartauis

1122 2477 1295 2548 auxilium
1311 2489 1429 2566 petere
1443 2473 1569 2562 co'e'git.
1602 2471 1659 2546 Ad
1675 2469 1740 2546 hos
1757 2477 1867 2566 igitur
1879 2497 1997 2556 motus
2013 2510 2110 2558 com·

1123 2578 1330 2670 primendos
1346 2572 1536 2646 Pausanias
1552 2573 1630 2648 Rex
1647 2575 1844 2666 Spartanus
1859 2607 1938 2652 cum
1955 2589 2110 2664 exercitu

1122 2675 1370 2772 proficiscitur.
1434 2673 1470 2744 ls
1495 2677 1802 2750 commiseratione
1828 2707 1908 2772 erga
1934 2690 2109 2780 populum

1123 2781 1280 2864 exulem,
1322 2789 1358 2848 et
1389 2777 1484 2848 tristi
1514 2779 1681 2868 adspectu
1714 2782 1976 2858 addictissimae
2009 2793 2109 2866 urbis
2190 2818 2196 2826 ·

1123 2895 1260 2968 motus,
1285 2879 1466 2974 Tyrannis
1480 2903 1521 2948 ex
1535 2882 1624 2950 urbe
1640 2882 1768 2972 pulsis,
1796 2887 1944 2976 patriani
1967 2891 2106 2966 miseris

1122 2985 1259 3056 civibus
1293 2981 1459 3055 reddidit.
1525 2978 1689 3078 Tyranni
1722 3010 1825 3072 vero,
1866 2991 2021 3078 praecisa
2048 3017 2110 3087 spe

1121 3086 1245 3158 anxilii
1260 3083 1447 3176 Spartani,
1472 3105 1551 3152 cum
1567 3084 1641 3154 suis
1658 3085 1786 3176 opibus
1807 3089 1940 3160 bellum
1964 3119 2107 3186 repara·

1121 3201 1220 3272 rent,
1242 3185 1382 3256 insidiis
1405 3185 1657 3272 circumventi,
1689 3190 1922 3264 trucidantur.
1975 3195 2108 3270 Paua-
2175 3175 2180 3182 .

1122 3290 1200 3360 nias
1221 3289 1367 3358 domum
1391 3309 1570 3372 reversus,
1604 3289 1641 3356 in
1666 3289 1838 3362 iudicium
1874 3291 2017 3368 vo'catus
2044 3315 2107 3388 est,

1121 3405 1308 3485 propterea
1329 3391 1425 3482 quod
1444 3385 1653 3482 Tyrannus,
1679 3393 1793 3462 socios
1808 3395 2107 3473 Lacedaemonio·

1088 3572 1090 3581 Ι
1121 3517 1201 3564 rum
1218 3491 1411 3562 deseruisse
1431 3489 1628 3576 videretur,
1652 3487 1700 3564 Et
1722 3511 1797 3566 acta
1821 3513 1872 3570 est
1895 3493 1981 3570 haec
2002 3525 2105 3576 causa

1121 3618 1249 3686 magna
1265 3591 1511 3678 contentione,
1536 3616 1576 3662 ac
1598 3596 1802 3684 cognitione
1823 3599 1935 3680 iacta,
1961 3603 2106 3676 absolu.

1120 3710 1178 3768 tus
1194 3711 1245 3766 est
1260 3693 1450 3766 Pausanias
1465 3693 1504 3762 in
1518 3693 1673 3776 iudicio,
1699 3697 1737 3764 in
1760 3723 1831 3791 quo
1857 3725 1957 3791 pares
1979 3705 2106 3778 calculi

1119 3799 1286 3880 fuerunt,
1322 3819 1445 3866 comm
1472 3795 1535 3888 qui
1569 3797 1801 3870 absolvebant
1826 3807 2104 3896 quatuordecim,

1120 3913 1155 3972 et
1171 3900 1294 3972 itidem
1309 3897 1372 3991 qui
1388 3897 1623 3984 damnabant,
1645 3903 1925 3992 quatuordecim.

1221 3999 1297 4070 lam
1313 3999 1487 4092 disputari
1504 4011 1634 4090 potest,
1656 4003 1728 4072 utri
1750 4005 1878 4076 rectius
1901 4007 2104 4100 iudicarint,

1120 4127 1203 4174 nam
1218 4097 1314 4172 haud
1330 4101 1437 4172 dubie
1450 4114 1600 4195 utraque
1622 4127 1705 4194 pars
1728 4121 1850 4194 graves
1876 4133 1997 4182 causas
2019 4137 2104 4186 suae

1118 4204 1313 4277 sententiae
1326 4199 1463 4272 habuit.

1222 4305 1381 4374 Primum
1398 4301 1460 4397 qui
1475 4326 1539 4394 pro
1554 4299 1729 4374 Pausania
1745 4305 1917 4378 calculum
1934 4313 2106 4401 tulerunt,

1120 4404 1184 4478 hos
1208 4401 1436 4476 hauddubie
1460 4403 1570 4472 movit
1594 4407 1716 4474 odium
1738 4407 1889 4480 iniustae
1906 4413 2105 4501 violentiae,

1118 4533 1159 4580 ac
1174 4507 1343 4578 saeviciae
1358 4505 1625 4600 Tyrannorum.
1655 4503 1861 4580 iudicarunt
1881 4509 1973 4584 nihil
1991 4541 2105 4610 neque

1119 4609 1372 4690 detestabilius,
1397 4631 1512 4700 neque
1527 4605 1787 4678 intolerabilius
1803 4635 1875 4682 csse
1885 4612 2105 4709 Tyranuide.

1119 4707 1289 4784 Occurrit
1312 4709 1402 4794 illis,
1436 4733 1541 4802 quam
1565 4707 1752 4798 iudignum
1771 4711 1944 4805 Spartana
1974 4719 2105 4790 virtute

1119 4829 1155 4886 et
1177 4811 1350 4904 gravitate
1373 4811 1482 4894 foret,
1519 4808 1549 4878 si
1572 4833 1608 4878 se
1631 4811 1798 4882 satellites
1822 4829 1928 4910 atquc
1947 4821 2105 4894 admini-

1120 4929 1212 4986 stros
1235 4915 1371 4984 alienae
1394 4911 1614 4984 crudelitatis
1637 4915 1865 5004 praeberent,
1904 4919 1934 4988 si
1960 4938 2105 5014 propter

1120 5017 1278 5110 aliquam
1292 5013 1442 5108 speciem
1459 5013 1634 5100 utilitatis,
1658 5015 1878 5088 manifestam
1895 5019 2105 5096 iniustitiam

1122 5119 1365 5198 defenderent.
1422 5113 1534 5198 Cum,
1573 5128 1613 5184 ut
1640 5117 1818 5206 praeclare
1846 5121 1981 5194 dictum
2010 5138 2106 5196 esta

1122 5215 1382 5304 Demosthene,
1415 5232 1449 5288 et
1472 5217 1743 5310 unaquaelibet
1766 5221 1890 5294 civitas
1910 5227 2052 5316 publice
2073 5240 2108 5297 et

1123 5347 1189 5418 pro
1208 5322 1407 5416 aequisque
1430 5319 1596 5412 privatim
1625 5319 1663 5390 in
1688 5323 1856 5396 omnibus
1877 5327 2108 5400 consultatio-

1125 5427 1235 5498 nibus
1251 5441 1286 5498 et
1308 5435 1382 5494 tota
1405 5415 1721 5594 νέιδοῂιιοιιειιιιιω
1744 5427 1933 5520 praecipue
1955 5443 2111 5522 spectare
