4674 6162
87 297 156 376 145
876 299 1332 384 surrLuMENTA.
1915 427 1919 436 ι
2056 319 2131 402 146

88 475 182 570 qnod
197 493 416 569 vosquoqne
429 473 577 563 fecistis,
603 497 693 548 raro
708 475 844 571 scripsi.
893 475 987 551 Nam
1000 479 1084 552 unis
1134 477 1246 550 metui
1262 473 1561 572 aviprincipum·
1611 477 1772 571 Mentes,
1796 485 1827 558 si
1842 489 1982 583 sapitis,
2005 495 2131 570 sinetis

86 581 255 649 duntaxat
286 577 415 650 distuli
446 579 660 674 respondere
694 580 819 656 literis.
898 578 1084 677 Improbas
1133 575 1319 652 Christum
1351 581 1525 666 iudicare,
1566 593 1602 651 et
1628 588 1726 678 quod
1747 587 1874 662 fratres
1895 597 2003 668 vestri
2030 599 2070 670 iu
2092 623 2129 674 se

86 681 178 776 qood
199 677 441 750 circumierim
461 695 496 754 ct
516 681 691 755 visitarim
714 678 892 754 Ecclesiae
912 697 948 758 et
973 687 1082 758 dede-
1134 675 1231 754 haud
1256 681 1390 752 malum
1416 697 1610 778 quaerunt,
1645 711 1708 758 vos
1730 691 1919 767 adscribite
1942 697 2007 772 lini
2023 704 2128 782 malo.
2190 785 2194 795 ¹

87 783 151 854 rim
172 805 217 852 eo
245 781 420 854 damnum
442 807 541 856 meae
565 797 601 858 et
623 781 775 858 Gallicis
795 779 975 860 Ecclesiis
1027 785 1082 862 Dc
1132 781 1337 856 Concordes
1371 784 1442 856 vis.
1458 800 1492 859 et
1522 801 1723 862 constantes
1746 793 1786 862 in
1811 795 1965 890 simplici
1984 818 2021 876 et
2044 829 2142 881 vera·

88 881 150 957 boc
163 883 347 971 iudicent,
377 885 440 980 qni
460 909 602 958 cansam
621 901 777 976 norunt,
810 913 937 984 quarm
964 903 1006 963 ut
1025 891 1082 960 vi·
1132 887 1270 960 onitate
1290 885 1489 976 ministros,
1518 891 1653 986 quique
1676 892 1811 972 instent
1836 902 2020 990 precibus:
2061 903 2128 980 bos

88 989 167 1073 deo,
200 987 419 1079 tuignoras,
450 989 501 1058 mi
523 987 611 1062 Leo.
660 988 882 1086 Augustani
894 993 934 1064 iu
949 1015 1079 1086 magno
1132 1003 1168 1062 et
1189 1013 1263 1080 nos,
1277 989 1455 1066 volumus.
1507 990 1579 1064 Sed
1601 990 1640 1065 hi
1658 999 1817 1087 prolecto
1841 1005 1886 1073 de
1906 1028 1944 1076 se
1972 1009 2126 1082 invicem
2160 1053 2166 1060 ·

88 1088 290 1162 discrimine
310 1090 494 1162 constituti
516 1093 566 1162 ob
596 1091 762 1164 dissidias
785 1095 1079 1166 concionatorum
1131 1092 1343 1164 iudicabunt
1358 1117 1398 1162 ex
1412 1087 1602 1182 charitate,
1626 1098 1775 1172 audient
1789 1126 1826 1173 se
1841 1103 2014 1196 invicem,
2038 1137 2126 1184 con-

87 1207 118 1265 ct
131 1191 269 1263 civium
282 1215 341 1262 me
356 1206 526 1266 vocarant
538 1195 769 1268 sanctissimis
782 1197 1080 1270 obtestationibus
1131 1217 1288 1288 gressum
1304 1209 1469 1266 mutuum
1482 1221 1563 1268 cum
1576 1196 1621 1270 D.
1635 1197 1748 1276 Paulo
1763 1227 1827 1296 per
1840 1219 1947 1282 terras
1962 1227 1996 1286 et
2013 1217 2125 1290 maria

86 1295 171 1380 illis,
205 1293 385 1366 miserunt
406 1319 464 1366 mc
486 1297 711 1388 magistratus
726 1298 818 1386 mei,
851 1295 990 1474 φας’]
1013 1302 1080 1370 ad·
1130 1313 1304 1391 expetent·
1367 1295 1554 1392 Siquidem
1574 1297 1615 1372 hi
1647 1327 1721 1374 non
1756 1325 1926 1402 quaerent
1949 1339 2041 1408 quae
2061 1343 2125 1392 sua

86 1398 297 1468 renircnon
311 1397 516 1488 potuissem.
569 1399 707 1472 luteres
721 1401 862 1474 vocavit
877 1427 935 1474 me
982 1395 1080 1472 and-
1131 1413 1233 1486 sunt,
1262 1399 1322 1469 sed
1340 1424 1430 1494 quae
1445 1395 1599 1488 Christi,
1633 1417 1669 1476 et
1684 1409 1807 1481 norint
1826 1406 1911 1484 haec
1926 1411 2138 1496 Dominum·

92 1495 235 1596 gravius
249 1498 297 1570 ad
312 1491 532 1598 Philippum
547 1497 811 1590 Casselam„ut
825 1503 935 1596 igitur
946 1506 1078 1577 certius
1129 1500 1326 1593 largissime
1340 1503 1426 1572 darc
1440 1504 1479 1573 in
1497 1507 1644 1576 nomine
1658 1530 1723 1580 suo
1738 1514 1961 1593 coeuntibus.
2012 1519 2125 1613 lgitnr

93 1602 227 1674 marine
252 1601 406 1674 fratrum
431 1603 704 1698 Symmistarum
729 1605 768 1678 in
791 1604 953 1680 Suevicis
976 1605 1078 1680 urbi·
1130 1605 1284 1675 coitione
1310 1603 1348 1672 in
1371 1607 1518 1676 nomine
1540 1602 1677 1680 Christi
1692 1608 1785 1684 nihil
1806 1609 1990 1694 habebunt
2002 1623 2042 1694 in
2059 1619 2125 1697 hac

88 1706 413 1798 bosrespondcrem
428 1708 658 1780 convenimus
668 1699 930 1795 Constantine,
954 1710 1077 1781 omnia
1130 1707 1202 1777 vita
1218 1706 1453 1798 expetibilius.
1503 1706 1545 1778 ld
1567 1735 1690 1782 verum
1712 1739 1879 1804 agnosces
1893 1721 2013 1814 legens
2031 1724 2125 1803 Pau-

87 1807 176 1878 iussu
202 1807 431 1897 magistratus
453 1809 534 1880 mei.
584 1807 760 1883 Existimo
779 1805 839 1882 hic
862 1835 1003 1908 quoque
1021 1836 1078 1881 me
1129 1808 1226 1893 lum,
1266 1823 1327 1878 aut
1361 1805 1514 1878 Paulum
1553 1814 1697 1902 negabis
1730 1813 1973 1896 Christianum
2006 1828 2124 1901 luisse.

88 1905 174 1980 nihil
188 1907 316 1979 iecisse
332 1921 473 1980 temere.
524 1905 850 2004 Augustaeautem
873 1916 938 1984 ubi
957 1928 1097 2006 coepta,
1131 1909 1248 2000 Quam
1266 1912 1328 1980 diu
1345 1909 1464 1981 vixero
1483 1913 1761 1988 cruciatusmihi
1776 1923 1862 2009 erit,
1892 1950 1967 1998 non
1982 1929 2123 2002 licuisse

86 2023 221 2084 tanturn
245 2009 368 2081 omnia
383 2025 514 2098 essent,
545 2016 709 2085 noudum
725 2015 1079 2112 firmatactconcio-
1129 2011 1314 2083 vobiscum
1339 2013 1384 2080 de
1406 2013 1504 2082 omni
1525 2037 1628 2086 causa
1648 2013 1782 2092 Christi
1804 2024 1918 2096 amice
1931 2029 2121 2122 disserere;

83 2127 250 2185 natorum
271 2113 419 2184 dissidia
442 2115 554 2205 magis
584 2117 785 2208 proferrent
804 2142 861 2206 se,
888 2143 934 2190 nc
958 2131 1078 2212 poste-
1130 2138 1193 2186 vae
1209 2115 1314 2186 nobis
1328 2113 1358 2186 si
1374 2111 1569 2186 chhristo
1583 2141 1657 2188 non
1673 2145 1858 2213 possumus
1874 2129 2032 2228 colloqui
2045 2136 2123 2208 sine

85 2217 172 2288 riora
196 2209 375 2288 habereut
398 2216 518 2309 peiora
547 2217 749 2310 prioribus,
788 2235 974 2292 revocatus
999 2243 1077 2292 snm
1130 2215 1437 2310 contentionibus!
1489 2214 1567 2310 Ego
1588 2245 1773 2316 nunquam
1797 2229 1895 2300 volui
1916 2257 1978 2305 vos
2001 2259 2122 2310 aveto

84 2323 123 2392 ab
141 2317 432 2410 Augustcnsibus
446 2333 483 2391 et
502 2319 631 2392 missus
650 2347 670 2392 a
687 2322 785 2394 meis.
838 2320 889 2396 Et
910 2323 1077 2394 dominus
1130 2321 1324 2405 abducere,
1357 2331 1391 2389 et
1420 2319 1523 2390 facile
1550 2325 1796 2400 custodivisset
1819 2355 1882 2402 vos
1902 2329 2079 2410 Dominus
2100 2367 2122 2412 a

83 2425 194 2502 dedit,
239 2435 280 2494 ut
313 2421 429 2492 maior
461 2419 501 2518 in
533 2424 716 2516 religionis
748 2445 852 2496 causa
885 2426 1076 2497 concordia
1129 2423 1217 2493 meis
1230 2421 1394 2512 argutiis,
1427 2421 1457 2492 si
1474 2423 1678 2503 voluissem.
1730 2427 1829 2520 Quid
1850 2458 1947 2508 nnnc
1971 2441 2123 2514 faciam?

83 2524 265 2616 Augustae
288 2523 508 2606 nonfuerit,
542 2528 727 2620 quamdiu
746 2527 985 2620 praedicatum
1005 2529 1077 2598 illis
1129 2547 1210 2594 amo
1235 2547 1298 2593 vos
1324 2538 1359 2594 et
1385 2524 1481 2608 colo,
1513 2539 1549 2596 et
1571 2553 1645 2598 non
1668 2531 1872 2623 vulgariter.
1931 2537 2011 2612 Hoc
2037 2568 2120 2636 ergo

83 2641 129 2700 est
142 2624 405 2718 Evangelium,
436 2642 541 2720 atque
564 2629 731 2700 dominus
747 2629 863 2713 dedit,
895 2631 981 2701 dum
1002 2631 1077 2699 illic
1127 2625 1238 2716 magis
1255 2625 1352 2698 dolet
1367 2647 1448 2694 cum
1462 2627 1549 2696 adeo
1568 2629 1745 2704 minutula
1767 2637 1839 2709 sint
1864 2640 1994 2732 quibus
2008 2648 2122 2716 maxi-

83 2733 149 2816 lui,
186 2743 225 2802 et
250 2727 323 2799 nisi
354 2729 450 2800 ultro
481 2729 656 2824 dissipant
688 2755 766 2802 eam
799 2732 1077 2818 concionatores,
1128 2752 1186 2798 ma
1211 2742 1354 2820 possent
1374 2728 1488 2799 averti
1514 2730 1752 2824 offendicula,
1783 2763 1857 2809 non
1878 2741 1984 2816 licere
2003 2749 2047 2818 de
2065 2745 2120 2821 his

84 2835 211 2926 optima
243 2837 290 2904 de
315 2823 383 2902 hac
403 2827 562 2904 Ecclesia
592 2857 608 2904 s
635 2857 709 2906 ero.
768 2827 963 2906 Abiturum
991 2830 1077 2905 hinc
1128 2829 1607 2903 vobiscumeommunicare.
1666 2833 1804 2910 Interea
1820 2843 2007 2919 scribendo
2027 2846 2121 2923 nibil

90 2935 215 3006 comsit
242 2934 425 3026 piissimus
446 2934 503 3008 vir
527 2856 723 3036 Bufflcrus
747 2934 902 3008 lsneusis
931 2953 1077 3031 propter
1128 2955 1236 3030 quam
1260 2947 1400 3024 tempus
1422 2934 1624 3025 perdimus,
1657 2953 1691 3009 et
1708 2941 1844 3012 animos
1859 2949 1969 3038 magis
1987 2951 2122 3025 aliena-

96 3027 278 3131 Fagium,
309 3037 374 3129 qni
404 3037 504 3108 illinc
532 3037 654 3110 inritis
684 3041 813 3110 sanctis
840 3041 940 3110 abiit.
996 3038 1077 3110 Huc
1128 3059 1221 3107 mus.
1257 3033 1373 3125 Quam
1387 3035 1490 3106 facile
1503 3039 1598 3108 enim
1612 3041 1942 3140 rapiunturscripta
1958 3051 2119 3126 inalium

91 3163 161 3228 ergo
190 3140 277 3212 veni
301 3140 386 3210 inde
408 3131 691 3221 Constantiam,
728 3155 769 3212 ut
802 3143 973 3212 iratribus
1004 3144 1077 3212 illis
1128 3138 2121 3250 sensumquamscriptasunt,quamsacilequisquepro

85 3243 317 3314 satisfacerem
340 3245 385 3312 de
409 3241 548 3336 scriptis
573 3245 612 3312 in
636 3241 804 3316 Galliam.
861 3240 1014 3326 Discessi
1031 3245 1076 3312 ab
1127 3262 1165 3311 se
1188 3241 1319 3332 scripto
1345 3239 1487 3333 quidvis
1510 3243 1633 3315 obiicit
1655 3260 1689 3317 et
1709 3247 1850 3320 firmum
1873 3269 1995 3344 putat,
2032 3261 2120 3332 dum

84 3339 152 3430 his,
185 3357 229 3416 ut
262 3333 332 3437 ipsi
356 3345 472 3416 testati
500 3360 583 3416 sunt
612 3344 834 3418 amicissimis
856 3339 959 3414 mihi.
1016 3341 1076 3416 En
1128 3365 1233 3412 nemo
1257 3365 1376 3412 coram
1402 3355 1453 3411 est
1478 3345 1540 3436 qui
1564 3346 1743 3422 obiectum
1766 3353 1986 3435 dissolveret.
2041 3359 2120 3453 Ego

82 3443 188 3518 habes
221 3469 346 3518 causas
377 3447 597 3522 circuitionis
629 3471 729 3519 meae
758 3471 822 3539 per
845 3471 982 3518 menses
1005 3471 1075 3522 sex.
1127 3445 1199 3515 iam
1216 3445 1333 3514 verbis
1350 3445 1487 3534 prolixe
1501 3448 1603 3517 vobis
1619 3451 1764 3542 scripsi,
1784 3457 1845 3526 sed
1861 3457 1961 3533 sires
1976 3477 2122 3554 spectas,

81 3549 190 3622 Domi
205 3551 344 3622 interea
357 3549 513 3644 optimus
527 3537 665 3646 Capito
680 3563 716 3624 et
731 3550 792 3622 alii
809 3551 856 3620 ita
871 3551 1077 3642 vigilarunt,
1128 3569 1236 3642 quam
1267 3541 1360 3616 nibil
1392 3547 1459 3617 erit
1489 3549 1598 3619 satis?
1636 3576 1743 3644 quarn
1771 3556 1905 3652 ubique
1929 3563 1996 3636 crit
2019 3568 2122 3638 vobis

82 3667 118 3724 ut
133 3665 299 3746 coeptum
316 3653 398 3724 sita
418 3654 622 3744 magistratu
636 3655 694 3745 egi
718 3679 782 3747 pro
798 3649 979 3724 Ecclesiae*
993 3677 1076 3724 vera
1127 3650 1223 3743 quod
1241 3649 1432 3740 regeretis?
1464 3673 1571 3742 quam
1587 3652 1805 3728 videbuntur
1820 3662 1935 3734 diluta
1950 3667 2122 3740 evanida?

81 3755 335 3826 constitutione
357 3768 388 3828 et
414 3771 537 3826 contra
567 3757 734 3828 sectarios
756 3779 861 3826 ornnc
888 3757 1076 3848 genusagi
1127 3750 1299 3825 Rationes
1319 3768 1452 3822 vestras
1471 3750 1501 3822 si
1525 3755 1736 3843 rescribitis,
1768 3761 1898 3834 videbo
1921 3767 2033 3840 multa
2058 3796 2122 3842 vos

82 3859 196 3950 coepit
210 3858 354 3950 gravius
369 3869 404 3930 et
417 3862 574 3928 severius
590 3881 695 3952 quam
714 3873 814 3930 antea
830 3882 1007 3951 unquam,
1041 3872 1077 3930 et
1128 3877 1202 3924 non
1226 3853 1457 3942 intellexisse,
1483 3855 1595 3928 multa
1621 3861 1844 3950 depravasse,
1878 3869 2048 3942 obiecisse
2064 3899 2121 3944 sne

82 3963 195 4030 maius
217 3961 323 4030 etiam
346 3959 442 4032 Deus
466 3963 565 4032 dedit
594 3963 851 4030 incrementum
877 3986 982 4053 quam
1008 3987 1077 4032 uu·
1129 3979 1219 4050 quae
1240 3957 1376 4026 nullius
1397 3958 1569 4027 momenli
1590 3976 1684 4034 suut.
1736 3960 1903 4038 Attamen
1921 3975 2123 4046 neviderer
2252 4039 2255 4048 ,

84 4085 188 4154 quarn
217 4076 332 4137 antea.
388 4058 437 4132 Et
468 4087 594 4134 cuma
617 4077 710 4134 sorte
739 4063 1076 4134 Monosteriensinrn
1128 4083 1192 4130 vos
1209 4060 1392 4150 'negligere
1415 4073 1451 4130 et
1471 4081 1659 4150 agnoscere
1688 4062 1802 4158 (quod
1825 4070 1953 4142 falsum
1973 4075 2120 4172 putatis)

83 4165 251 4236 absumus
268 4164 490 4254 longissime,
515 4191 535 4236 a
552 4165 652 4238 robis
667 4167 830 4236 videmur
853 4165 951 4258 quasi
967 4167 1076 4236 simus
1129 4161 1249 4236 meite
1265 4161 1365 4232 vobis
1382 4161 1583 4252 indignari,
1607 4167 1782 4258 rescripsi.
1824 4167 1863 4240 ld
1881 4174 2017 4244 utinam
2028 4179 2121 4249 bene

84 4265 299 4358 eipmimi.
353 4265 434 4338 Non
449 4268 754 4339 erat‘rredendum
770 4267 901 4349 cuivis,
927 4267 976 4336 mi
994 4267 1077 4352 Leo,
1129 4263 1250 4334 cadat!
1292 4263 1422 4334 Libere
1446 4265 1652 4356 scripsistis,
1685 4269 1798 4356 libere
1819 4275 1999 4368 rescripsi3
2034 4280 2121 4364 boni

83 4381 116 4436 οι
139 4369 169 4436 ,i
190 4369 227 4438 iu
252 4383 350 4440 tanto
372 4393 509 4440 erramus
533 4371 711 4462 periculo,
747 4371 884 4464 pridem
908 4392 973 4438 nos
999 4395 1077 4469 ιιῐιο-
1130 4366 1294 4436 consului
1312 4381 1463 4436 vestram
1480 4367 1698 4454 libertatern,
1729 4373 1790 4440 sed
1814 4387 1853 4444 ut
1869 4383 2118 4469 responderem

83 4473 178 4540 uitos
194 4473 365 4564 oportuit.
425 4467 537 4542 Valde
554 4473 725 4543 miramur
748 4471 992 4544 Helvetiorum
1008 4469 1077 4542 Ec·
1130 4481 1249 4538 lamen
1266 4469 1316 4536 ⁸5⁶
1332 4482 1570 4540 ⁰1V0⁸¹¹¹²i¹ffl
1588 4471 1673 4540 bfflll
1691 4475 1876 4552 ‘⁰⁰⁸015st’·
1935 4480 2120 4556 Faciamus

85 4572 272 4644 ,paparum
300 4575 338 4644 5„
367 4567 433 4643 hac
464 4600 503 4644 [ρ
526 4575 790 4658 credulitatem,
823 4599 945 4644 name
976 4575 1077 4642 vobis
1129 4571 1240 4663 paria.
1303 4566 1401 4660 Ego,
1440 4571 1512 4640 nisi
1545 4595 1688 4661 prorsus
1721 4577 1812 4648 desit
1842 4583 1944 4654 vobis
1972 4587 2121 4658 facultas

82 4669 299 4748 llernatibus
321 4691 354 4746 et
372 4673 548 4746 Basileam
565 4679 786 4761 scribuntur,
822 4700 911 4770 quae
935 4699 1077 4768 persua·
1130 4669 1321 4744 christiane
1338 4672 1564 4764 colloquendi
1583 4675 1626 4744 de
1643 4671 1803 4761 Christo,
1838 4687 2149 4758 noudubitarirn’

84 4777 220 4848 sionem
241 4773 934 4869 horrendam&nobpspmsefemng
984 4775 1077 4848 Gra.
1130 4798 1215 4856 nos,
1241 4773 1271 4843 si
1284 4776 1375 4844 serio
1391 4775 1430 4844 in
1448 4773 1604 4844 Domino
1620 4780 1860 4856 conferremus
1875 4800 1907 4856 ct
1923 4787 2014 4862 iusto
2031 4804 2122 4873 ⁸teur-

86 4882 530 4974 pumgsgquodmoneris,
560 4883 752 4966 seddolet,
785 4881 1078 4974 qnodnonami-
1130 4901 1217 4970 pore
1251 4889 1285 4946 et
1319 4877 1440 4966 pauci,
1482 4889 1517 4946 et
1548 4879 1631 4950 solis
1657 4881 1701 4950 iis
1724 4885 1887 4956 admissis
1914 4892 1974 4984 qni
2002 4893 2120 4962 Druna

86 4979 159 5052 rius
176 4985 221 5052 de
236 4984 341 5054 nobis
357 4983 514 5068 sentitis,
548 5007 656 5076 quam
678 4985 774 5078 quod
797 4983 979 5068 dubitetis,
1013 5005 1077 5051 nos
1132 4981 1258 5052 timent
1280 4979 1392 5062 serio,
1424 4977 1620 5070 plurimum
1644 4986 1874 5074 profecturos.
1934 4991 2121 5084 lmprrito·
2230 5036 2234 5042 ¹

84 5084 224 5170 pridem
248 5109 311 5155 vos
338 5085 561 5156 consulturos
586 5085 710 5176 luisse,
756 5086 811 5155 vel
835 5085 950 5176 ipsum
975 5109 1076 5174 opem
1131 5107 1211 5152 rum
1229 5081 1398 5150 clamores
1413 5084 1623 5167 metuimus,
1650 5088 1708 5156 sed
1726 5112 1831 5180 quam
1847 5093 1977 5182 perite!
2012 5095 2123 5166 Dein-

84 5191 221 5258 anobis
238 5187 509 5279 imploraturos,
541 5188 722 5257 sidecirna
746 5203 901 5278 exparte
925 5187 1077 5257 intanto
1132 5187 1176 5255 de
1192 5185 1219 5253 si
1238 5199 1409 5255 secretum
1427 5181 1575 5252 Domini
1591 5197 1711 5256 tenere
1725 5190 1914 5280 vellemus,
1938 5197 2019 5289 quis
2035 5201 2121 5270 adeo

84 5303 205 5360 nostra
228 5287 387 5362 Ecclesia
411 5289 617 5359 discrimine
637 5289 771 5363 fuisset.
832 5288 885 5358 lta
901 5289 997 5358 dolet
1013 5283 1079 5358 hoc
1133 5286 1317 5357 clamaret!
1378 5281 1427 5356 Et
1463 5299 1550 5378 quot
1583 5301 1665 5356 sum
1701 5283 1967 5366 honestissimae
2002 5325 2124 5373 causae

85 5413 245 5486 quoqne,
283 5390 451 5486 quicquid
477 5417 543 5462 nos
561 5417 626 5484 pro
650 5387 887 5464 Ecclesiarum
905 5405 1024 5462 sancta
1046 5405 1080 5460 ct
1132 5387 1368 5459 conveniendi
1385 5401 1419 5459 et
1432 5389 1634 5459 discedendi
1649 5414 1782 5478 rursus,
1804 5421 1891 5489 quas
1907 5423 2011 5472 nemo
2022 5421 2126 5495 queat

86 5491 279 5566 christiana
303 5495 494 5565 concordia
519 5495 705 5576 molimur,
745 5490 814 5564 hoc
834 5517 897 5564 vos
922 5494 1080 5566 tribuitis
1132 5491 1359 5584 improbare?
1411 5481 1718 5588 oecolampadio,
1756 5509 1798 5566 ut
1824 5498 1891 5570 scis
1914 5500 2009 5590 Leo,
2046 5531 2125 5578 curu

137 5619 322 5685 blrrssrrr.
341 5617 443 5682 Orsa.
471 5617 554 5682 Vos..
571 5615 618 5685 Χ.
1436 5607 1486 5679 10
