4666 6170
86 274 153 352 us
431 213 1423 370 scassraanvsrauaromruu
1457 277 1775 380 nanturra,
2059 303 2139 390 aaa

183 441 282 538 Quid
299 463 420 524 sotem
436 456 483 528 de
495 457 675 530 donorum
690 454 900 530 excellentia
916 469 951 528 et
965 455 1081 528 varie-
1131 447 1218 526 baec
1239 449 1360 526 schola
1383 468 1420 528 et
1440 457 1539 550 regio
1561 461 1699 549 amisit,
1739 469 1954 558 portendare
1975 473 2131 564 ridetur,
2204 457 2211 474 ¹

86 564 155 626 tate
173 551 317 622 dmm?
342 558 477 650 quibus
498 559 623 632 divina
641 559 803 634 bonitate
820 559 1016 631 instructus
1029 571 1082 630 tot
1131 557 1290 627 dolorem
1326 571 1488 630 nostrum
1522 579 1647 652 auget,
1681 589 1787 660 qoem
1821 569 1952 646 inflixit
1983 579 2132 657 amissis,

82 668 317 728 monumenta
351 660 496 734 utilium
530 661 745 754 scriptorum
779 660 910 746 edidit,
949 661 1080 754 quibus
1121 657 1223 746 ¹tanti
1244 659 1373 730 ettalis
1387 660 1556 752 praesidii
1571 676 1607 734 et
1622 670 1823 740 ornamenti
1837 667 1989 748 Scholae
2007 677 2129 754 etEc-

82 777 208 832 murs
240 770 358 848 parles
388 756 638 854 philosophiae
663 761 854 854 insigniter
876 763 1080 848 illustravit,
1129 759 1253 842 clasiae
1277 753 1396 833 huius.
1446 761 1530 836 Non
1554 765 1665 856 igitur
1689 771 1794 844 nobis
1813 787 1867 846 est
1880 799 1971 869 opus
1982 781 2128 873 capian-

82 871 114 932 ει
144 857 186 928 iu
205 862 457 952 repurgatione
478 863 663 936 doctrinae
687 864 849 936 conatis
880 865 1077 936 reverendo
1128 860 1256 932 tissimi
1280 860 1462 936 Siracidae
1479 865 1540 956 pia
1554 874 1912 964 commonefactum,
1937 896 1977 952 ut
1990 881 2126 954 defles..

82 959 162 1030 siro
176 955 331 1032 Ductori
343 957 705 1052 Manlaobuslam,
726 966 901 1038 divinitus
916 965 1079 1052 excitato,
1128 987 1209 1034 mus
1228 977 1378 1036 mortem
1403 959 1510 1038 huius
1532 969 1606 1040 cari
1630 973 1740 1063 patris
1763 977 1897 1066 nostri,
1922 1003 1968 1054 ne
1984 978 2125 1080 siuron-

81 1059 224 1134 bdelem
240 1075 277 1134 et
291 1087 412 1140 esrum
427 1081 463 1142 et
484 1068 613 1140 utilem
633 1062 878 1164 παραστάτην
898 1062 963 1140 καὶ
985 1059 1078 1140 σύν-
1126 1057 1213 1164 yiec
1232 1065 1289 1136 vel
1310 1061 1560 1162 ἀναισθησίας
1581 1073 1711 1146 stoicae
1730 1077 1776 1148 ab
1798 1079 1878 1150 aliis
1905 1105 2121 1160 sccummur,

82 1185 196 1261 spyw
214 1186 254 1236 sc
275 1168 458 1258 probarit,
484 1169 523 1240 id
546 1172 643 1265 qnod
659 1171 800 1265 publica
815 1171 945 1261 scripta
964 1169 1081 1262 ipsius
1127 1165 1209 1244 Non
1235 1181 1287 1240 est
1311 1169 1417 1240 nobis
1438 1193 1530 1266 opus
1552 1176 1781 1262 praebcarum
1806 1181 2019 1272 lugubribus
2034 1211 2122 1258 rou.

83 1265 332 1354 testabuntur,
367 1269 412 1340 de
438 1271 677 1366 quibuscum
704 1271 1077 1366 ipsevolueritiudi-
1127 1269 1290 1342 centibus
1314 1283 1350 1342 et
1374 1265 1528 1344 threnis:
1554 1277 1654 1346 omni
1674 1293 1748 1352 arte
1761 1281 1898 1356 animos
1913 1289 1960 1358 ad
1974 1288 2122 1360 moesti-

83 1365 178 1438 ciom
202 1389 279 1440 esse
305 1393 413 1462 penes
433 1373 637 1446 universam
653 1369 850 1446 Ecclesiam
873 1373 1076 1468 etposteri-
1126 1369 1215 1440 ciam
1239 1395 1463 1444 commovere
1483 1377 1705 1450 conantium:
1739 1379 1819 1474 Ipsa
1841 1409 1908 1458 nos
1927 1389 2059 1463 animis
2083 1405 2121 1464 at

85 1481 204 1554 tm,
229 1491 309 1542 non
325 1473 483 1548 dieamus
497 1469 558 1547 hie
573 1475 689 1568 plura,
833 1559 845 1564 ..
1125 1470 1262 1572 intimis
1285 1475 1447 1546 sensibus
1471 1475 1578 1548 inlisa
1602 1473 1709 1554 buius
1726 1485 1893 1572 benefici,
1922 1491 1995 1580 pii,
2021 1492 2121 1564 salu-

181 1568 289 1644 Talia
310 1571 441 1664 igitur,
473 1589 547 1648 tam
570 1576 755 1664 instructi,
786 1575 924 1664 seduli,
947 1575 1075 1664 tidelis,
1125 1574 1212 1644 teris
1229 1569 1394 1646 Doctoris
1417 1580 1589 1650 memoria
1615 1585 1769 1656 concitat
1788 1589 1833 1658 ad
1860 1593 2121 1666 consideratio-

87 1671 217 1744 foelicis
231 1671 398 1748 Ductor-is
414 1691 449 1749 et
461 1679 711 1769 guberustoris
726 1679 923 1772 praesentia
939 1693 975 1750 et
988 1703 1074 1771 ope-
1125 1698 1208 1744 nem
1248 1690 1390 1748 nostrae
1430 1678 1689 1770 infoelicitatis,
1727 1688 1788 1781 qui
1823 1691 2120 1782 benignissimum

84 1797 117 1846 sa
138 1799 255 1870 quum
272 1771 465 1852 Academia
486 1775 573 1852 haec
592 1793 627 1854 et
641 1778 800 1854 Ecclesia
821 1805 919 1852 nnnc
934 1780 1072 1873 privata
1124 1789 1260 1868 patrem
1280 1792 1315 1849 et
1336 1779 1579 1852 dulcissimum
1602 1785 1773 1877 collegam
1790 1805 1824 1862 et
1837 1794 1992 1866 amicum
2008 1799 2120 1871 caris·

82 1876 142 1960 sit,
174 1891 211 1950 et
237 1877 372 1952 vulnus
402 1883 574 1973 acceperit
602 1883 774 1974 opinione
803 1895 838 1954 et
868 1883 1072 1977 eloquentia
1123 1879 1254 1948 simum
1292 1881 1490 1954 amisimus:
1537 1881 1616 1977 lpse
1659 1906 1868 1980 conspectus
1911 1896 2119 1986 iuventutis,

81 1978 177 2050 omni
201 1979 339 2068 maius,
366 1983 598 2056 iustissimum
621 1997 674 2056 sat
694 1985 816 2056 dolere
840 2007 980 2070 omnes,
1007 1983 1071 2078 qui
1124 1977 1378 2072 Templomm,
1412 1982 1670 2076 collegiorum,
1709 1987 2015 2070 bibliothecarum
2047 2022 2117 2072 no-

80 2081 284 2154 studiorum
305 2098 399 2158 recte
422 2086 672 2158 ordinatorum
694 2099 730 2158 et
754 2081 957 2158 scholarum
980 2088 1071 2158 bene
1122 2095 1276 2154 stratum
1315 2083 1428 2176 ipsius
1463 2087 1660 2160 bonitatem
1690 2094 1824 2188 ubique
1857 2099 2117 2188 paratissimam

79 2183 353 2256 constitutarum
367 2190 609 2260 necessitatem
628 2201 664 2262 et
680 2189 850 2260 utilitates
865 2187 1070 2280 intelligunt
1122 2183 1227 2254 nobis
1242 2185 1282 2254 iu
1295 2187 1500 2258 memoriam
1516 2195 1772 2276 revocantium,
1799 2200 1968 2298 craculis
1982 2205 2117 2280 nostris

79 2286 396 2378 etmagnifaciuut.
437 2286 585 2362 Accedit
600 2285 687 2375 huc,
710 2291 806 2384 quod
823 2291 983 2362 dolorem
1003 2314 1070 2358 uo-
1121 2285 1336 2376 largissimas
1358 2289 1531 2384 lacrymas
1552 2294 1735 2386 exprimit,
1761 2301 1888 2374 etstan
1903 2303 2039 2375 dotari.
2054 2331 2119 2378 η.

78 2387 130 2458 his
160 2402 272 2478 suget
290 2403 405 2462 metus
427 2391 710 2484 impendentium
740 2393 938 2476 malorum,
978 2414 1069 2485 quae
1122 2403 1269 2480 asperat.

80 2489 183 2560 ratiis
219 2490 266 2560 de
291 2492 410 2567 causis
431 2494 565 2566 irritari
593 2518 691 2566 nunc
715 2494 856 2564 facilius
880 2507 915 2564 et
940 2493 1069 2578 accersi
1103 2572 1106 2587 ι
1222 2486 1423 2562 Audiamus
1454 2491 1564 2582 igitur
1591 2496 1739 2570 alteram
1768 2515 1904 2592 partem
1935 2512 2116 2601 praecepti

80 2605 244 2681 possunt,
278 2597 648 2690 postquam'sublatns
671 2608 724 2666 est
747 2596 795 2676 is,
827 2595 890 2688 qui
915 2594 1067 2686 plurima
1121 2587 1324 2678 Siraridae,
1355 2617 1445 2684 quae
1467 2596 1564 2666 iubet
1585 2595 1634 2668 ita
1658 2603 1836 2674 moderari
1860 2607 2040 2692 dolorem,
2066 2637 2115 2686 ne

83 2695 220 2786 publica
235 2694 461 2768 incommoda
478 2698 607 2770 avertit
619 2711 653 2768 et
668 2697 853 2788 impedivit
867 2721 929 2768 sua
944 2697 1068 2766 mode·
1121 2691 1177 2761 vel
1193 2694 1324 2764 nostris
1340 2696 1548 2785 corporibus
1563 2711 1596 2768 et
1613 2700 1809 2774 valetudini
1833 2705 1907 2778 vim
1928 2711 2114 2798 faciamus,

84 2797 230 2882 ratione,
246 2797 445 2886 tolerantia,
454 2800 611 2882 lenitate,
621 2793 947 2886 authoritate,addo
962 2797 1067 2868 ctiam
1121 2792 1179 2864 vel
1194 2789 1432 2866 Ethuicnrum
1449 2797 1565 2868 luctus
1581 2798 1712 2872 imitari
1730 2805 1936 2897 videamur,
1956 2813 2019 2907 qui
2035 2839 2113 2890 nnn

89 2901 243 2989 precibus
270 2896 470 2988 adlleum,
498 2925 586 2996 quas
608 2903 833 2974 scimuseum
851 2925 931 2970 cum
948 2899 1066 2970 studio
1120 2896 1339 2968 considerata
1363 2893 1431 2968 Dei
1461 2900 1501 2970 iu
1529 2902 1698 2974 omuibus
1719 2908 1920 2982 actionibus
1942 2930 2112 3007 perpetua

97 3003 458 3092 scraetcrnperantiae,
473 3005 684 3090 sobrietatis,
699 3003 1066 3092 vigilantiaeetbunae
1120 2997 1295 3084 bonitate,
1319 3000 1458 3070 amissis
1478 3002 1667 3074 carissimis
1681 3007 1755 3078 suis
1771 3011 1928 3084 fremunt
1941 3018 2110 3091 adversus

90 3105 333 3188 camcientiae,
360 3107 536 3178 constanti
561 3106 744 3196 diligentia
768 3129 830 3194 pro
853 3118 924 3174 tota
943 3099 1067 3172 Eccle-
1118 3097 1252 3186 Deum,
1284 3115 1319 3172 ct
1339 3103 1537 3174 iniusticiae
1554 3107 1654 3204 quasi
1672 3131 1751 3180 eum
1768 3127 1801 3182 et
1818 3112 2037 3209 Tyrannidis
2050 3145 2112 3192 ac-

84 3207 136 3292 sis,
155 3204 355 3284 Academia
370 3221 405 3280 et
418 3209 552 3280 familia
570 3229 633 3280 sua
647 3207 910 3281 ardentissimas
924 3205 1066 3276 fudisse.
1118 3217 1261 3285 cusant,
1286 3225 1306 3270 a
1330 3206 1461 3296 quibus
1481 3203 1698 3298 blasphemis
1714 3214 1861 3291 vocibus
1878 3231 1912 3290 et
1927 3221 2110 3311 cogitatio.

81 3305 121 3380 lb
146 3324 278 3382 uotum
303 3323 356 3380 est
383 3309 449 3401 piis
475 3311 609 3380 dictum
633 3303 847 3398 Prophetae,
880 3307 944 3400 qui
968 3305 1066 3390 slis-it,
1118 3303 1225 3372 nibus
1248 3304 1378 3372 animis
1400 3319 1434 3377 et
1453 3307 1601 3380 auribus
1624 3307 1817 3386 abhorrere
1838 3319 2008 3393 debemus
2026 3349 2108 3407 uos,

80 3411 197 3500 colligi
227 3412 363 3494 bonos,
397 3435 444 3484 ne
469 3413 613 3495 videant
644 3412 736 3482 mala
758 3422 939 3492 secutura,
976 3407 1065 3478 sicut
1118 3404 1326 3497 quiscimus
1343 3403 1458 3478 Deum
1476 3410 1581 3480 etiam
1597 3410 1728 3484 iratum
1741 3418 2003 3496 misericordiae
2025 3449 2112 3500 snae

79 3513 236 3606 exempla
271 3512 433 3585 amasium
467 3528 620 3588 aetatum
648 3527 683 3584 at
707 3511 866 3603 gentium
890 3523 1066 3586 testantur
1117 3509 1309 3594 recordari,
1333 3521 1368 3578 et
1382 3510 1588 3600 punientem
1604 3513 1822 3604 benefacere,
1849 3533 1884 3592 et
1896 3545 1968 3617 qun
1984 3527 2111 3601 durio„

78 3615 335 3708 praestantium
354 3616 532 3697 virorum,
564 3639 628 3706 per
651 3637 742 3706 quos
765 3614 903 3704 insigne
927 3613 1065 3706 aliquid
1117 3622 1170 3680 est
1191 3610 1371 3700 castigatio
1397 3612 1547 3684 infilius
1572 3616 1771 3703 petulantes
1792 3635 1828 3692 et
1856 3622 2032 3714 ingratos,
2064 3655 2113 3702 eo

77 3719 114 3788 in
129 3714 291 3788 Ecclesia
306 3731 442 3806 gestum
459 3731 519 3788 aut
536 3718 698 3788 effectum
723 3730 793 3800 est,
817 3716 1064 3804 migrationem
1118 3713 1236 3802 ipsum
1270 3715 1473 3784 ardentiore
1500 3721 1642 3814 στοργῇ
1672 3721 1813 3792 eusdem
1846 3749 2034 3802 conversos
2060 3736 2112 3804 sd·

77 3843 116 3892 ss
130 3815 199 3890 hac
217 3819 289 3888 rita
303 3821 463 3912 publices
477 3819 693 3890 calamitates
709 3817 809 3888 brevi
827 3831 962 3888 secutas
979 3839 1064 3900 esse,
1117 3815 1248 3886 honam
1277 3813 1413 3905 frugem
1445 3817 1653 3909 complecti,
1692 3836 1727 3894 et
1758 3825 1940 3898 beneficiis
1966 3855 2109 3917 ornam,

77 3920 289 4016 praesertim
315 3933 435 3994 sutem
465 3935 561 4005 tum,
592 3945 673 3992 cum
699 3919 917 4008 ingratitudo
941 3919 1064 4010 populi
1116 3913 1335 3990 moesticiam
1363 3917 1463 3986 illam
1492 3943 1535 3990 ex
1563 3923 1808 3999 recordatione
1827 3953 2021 4018 poenarum
2045 3960 2111 4006 oo-

78 4022 221 4096 sccessit
234 4019 436 4115 spernentis
449 4021 512 4092 illa
527 4025 642 4106 dona,
667 4037 701 4092 et
717 4021 939 4092 extenuantis
957 4023 1066 4090 benc-
1116 4031 1201 4106 tam,
1226 4017 1443 4092 lenientibus
1458 4035 1493 4092 et
1506 4021 1676 4112 paulatim
1693 4027 1930 4112 abolentibus,
1955 4031 1991 4102 id
2008 4041 2111 4128 qnod

77 4127 174 4208 beia,
199 4123 403 4218 qnaeDcns
426 4147 489 4218 per
507 4125 590 4196 illos
604 4120 842 4198 Ecclesiamm
863 4121 1066 4194 benefacto-
1116 4117 1270 4210 singuli,
1292 4119 1355 4214 qui
1372 4118 1645 4196 patresfamilias
1659 4149 1801 4210 sumus,
1826 4131 1863 4202 in
1879 4134 2113 4223 castigatione

78 4253 136 4300 res
154 4226 307 4316 largitus
331 4241 403 4310 est,
442 4227 533 4300 sicut
553 4222 645 4320 proh
666 4227 772 4298 dolor
793 4225 947 4296 vidimus
970 4219 1065 4294 bunc
1117 4221 1311 4295 liberorum
1345 4237 1548 4296 nostrorum
1579 4229 1801 4318 experimur,
1836 4234 1985 4325 quibus,
2024 4263 2107 4311 eum

78 4345 241 4402 rostrum
275 4329 375 4422 pium
409 4341 443 4400 ct
474 4329 608 4420 optime
638 4328 803 4398 meritum
830 4326 1065 4398 dc-universa
1118 4345 1233 4394 mores
1262 4327 1454 4396 emendant
1481 4339 1516 4398 et
1539 4328 1585 4396 ad
1607 4329 1846 4402 obedientiam
1870 4336 2026 4410 debitam
2048 4365 2107 4412 re-

77 4423 282 4526 postaritate
304 4427 592 4524 Praeceptorem,
623 4432 670 4501 ab
699 4430 880 4523 aliquibus
906 4443 1066 4500 contem-
1118 4425 1240 4510 dsunt,
1267 4440 1346 4516 post
1358 4427 1477 4517 plagas
1492 4443 1526 4500 et
1541 4431 1687 4500 verbera
1705 4433 1888 4508 blanditiis
1901 4450 1936 4512 ct
1953 4463 2104 4514 munuc.

78 4551 199 4628 ptum,
230 4534 277 4604 ab
297 4531 478 4626 aliquibus
492 4535 713 4618 infestatum,
738 4533 784 4602 ab
802 4531 980 4624 aliquibus
998 4523 1066 4598 ho-
1117 4525 1207 4598 culis
1228 4539 1385 4598 nostram
1407 4543 1592 4618 paternam
1620 4535 1893 4623 propensionem
1917 4555 1952 4612 et
1973 4545 2104 4616 carita·

79 4638 208 4708 stiliter
230 4635 380 4727 petitum
401 4634 529 4718 fuisse,
555 4635 687 4728 quibus
709 4633 855 4706 fortasse
871 4628 929 4702 hic
948 4645 1066 4705 noster
1118 4641 1189 4701 tem
1220 4651 1323 4719 saepe
1349 4631 1572 4702 manifestius
1601 4633 1822 4716 declaramus
1851 4643 1959 4734 quam
1988 4660 2107 4719 anm,

80 4739 195 4812 luctus
219 4749 255 4810 et
275 4759 419 4810 moeros
439 4737 676 4828 gratissimum
698 4735 936 4827 spectaculum
964 4757 1067 4826 prae-
1119 4728 1301 4820 Quarect·
1316 4729 1498 4807 domestici
1520 4757 1560 4803 ac
1581 4737 1791 4833 propinqui,
1815 4743 1878 4835 qni
1899 4747 2026 4818 merito
2045 4749 2111 4820 loa
2206 4825 2209 4832 ,

79 4840 195 4925 babit,
221 4851 257 4910 et
278 4861 408 4912 sannas
429 4863 470 4910 ac
488 4861 683 4910 sarcasmos
707 4837 790 4908 felle
804 4837 996 4908 amariores
1010 4835 1067 4908 di·-
1119 4845 1221 4923 gent,
1244 4832 1307 4902 tali
1328 4855 1365 4904 se
1389 4845 1509 4923 patre,
1530 4859 1614 4920 avo,
1639 4855 1807 4932 comiato,
1832 4843 1936 4917 aliine
1961 4851 2111 4922 matus

81 4942 209 5028 stabit,
245 4955 286 5014 ut
316 4953 481 5012 nostrum
510 4941 669 5012 dolorem
692 4961 757 5010 sna
781 4937 1011 5011 insultatione
1032 4951 1071 5011 et
1120 4957 1213 5016 esse,
1240 4945 1274 5006 el
1294 4957 1362 5014 nos
1383 4935 1534 5028 reliqui,
1559 4939 1622 5031 qui
1643 4941 1712 5033 ipsi
1729 4943 1896 5016 familiari
1914 4964 2106 5022 manetu-

81 5039 281 5136 triumpho,
307 5065 412 5136 quem
427 5044 471 5116 ds
488 5057 609 5116 nostra
623 5041 696 5113 imo
710 5041 755 5112 de
769 5039 911 5134 publica
926 5039 1067 5112 miseria
1119 5036 1205 5108 dine
1224 5036 1406 5108 coniuncti
1429 5037 1584 5124 fuimus,
1616 5035 1684 5117 hae
1706 5046 1918 5134 cogitatione
1944 5043 2105 5124 dotb'nm

79 5159 201 5236 agent,
235 5141 471 5220 accumulent.
530 5142 602 5216 Hic
629 5157 745 5216 metus
770 5143 1009 5218 mutationum
1034 5156 1069 5212 et
1118 5139 1366 5224 moderemur,
1389 5140 1633 5234 quodscimus
1646 5167 1729 5216 eum
1746 5149 1932 5222 mortalem
1947 5155 2107 5242 genitum

82 5269 331 5322 munerum
351 5247 595 5340 publicarum,
620 5267 817 5340 quasmors
833 5239 940 5317 huius
955 5244 1070 5316 nostri
1120 5240 1246 5322 fuisse,
1278 5255 1314 5312 et
1337 5243 1435 5334 quod
1457 5241 1661 5323 mirandum
1684 5261 1755 5333 us,
1780 5249 1873 5323 eisin
1893 5266 1989 5326 tants
2007 5257 2110 5328 tabo-

83 5349 246 5440 petrissa
261 5348 433 5440 collegae,
453 5348 654 5422 stallorum
672 5347 816 5440 piorum
832 5348 979 5418 acbene
994 5369 1071 5416 sna-
1121 5367 1221 5430 rum,
1255 5367 1439 5429 curarum,
1471 5345 1731 5434 molestiarum,
1763 5354 1996 5426 certaminum
2021 5359 2112 5428 assi-i

84 5450 231 5526 sitorum
256 5449 437 5534 virorum,
468 5473 560 5547 qnos
578 5451 678 5534 brevi
694 5447 867 5544 temporis
881 5447 1071 5568 intervallq
1121 5446 1257 5523 duitste
1281 5460 1316 5520 et
1344 5445 1534 5623 sceisgitate
1562 5461 1725 5528 tamena
1746 5449 1849 5542 Deo,
1879 5449 1977 5528 haud
2001 5461 2117 5532 uobis
