4686 6172
640 267 950 364 ALLOQUIA
978 265 1055 345 ET
1086 263 1317 344 BREVES
1347 261 1696 344 conelonus
2087 269 2187 348 1014

146 284 246 364 ross
271 233 278 244 ⁸

142 481 251 542 uum,
277 465 319 526 ut
333 450 380 524 sit
390 447 596 532 assiduitas,
622 459 657 518 et
670 457 919 538 proponantur
931 443 1046 524 utilia,
1072 465 1138 513 nec
1189 451 1324 512 matum
1355 437 1554 533 praestigiis
1577 437 1838 524 defenduntur,
1869 441 2091 514 consuetudo
2113 441 2183 518 So-

141 564 290 648 longum
320 569 458 646 tempus
484 552 523 620 iu
546 549 711 620 materias
734 548 900 634 inutiles,
930 561 992 618 aut
1014 547 1138 616 inanes
1188 537 1517 636 phistices,·p0stea
1535 541 1743 632 religiones,
1770 553 1805 612 et
1820 541 2109 632 gravissimarum
2123 569 2181 617 ra-

141 657 387 734 cavillatioues
417 654 549 750 quibus
578 651 690 746 aliqui
718 649 862 742 ingenia
882 661 1058 720 ostentare
1078 670 1137 718 so-
1187 669 1269 716 rum
1300 645 1574 715 deliberationes
1604 643 1746 728 turbat,
1780 643 1854 714 imo
1882 657 1917 716 ct
1946 645 2113 737 privatim
2141 647 2181 718 iu

140 766 238 846 lent,
265 760 468 831 collocetur.
520 753 634 846 Saepe
657 753 857 844 cogitentur
877 764 912 822 et
933 777 952 821 a
974 749 1136 822 docenti·
1187 747 1367 818 mentibus
1393 747 1461 818 ciet
1490 767 1636 836 magnos
1660 745 1853 830 tumultus,
1886 768 2014 842 easque
2035 749 2180 820 taudem

140 868 209 936 bus
233 875 268 934 ct
293 885 313 932 a
337 859 555 934 discentibus
574 850 661 926 haec
677 857 789 936 dicta,
815 877 968 949 quorum
984 853 1135 926 alterum
1186 845 1399 944 Pyrrhoniis
1423 846 1709 919 dubitationibus
1733 847 1777 918 de
1800 848 2006 940 relligione,
2042 863 2077 922 et
2099 851 2181 921 aliis

142 966 297 1040 Senecae
331 977 399 1034 cst:
451 958 654 1032 Necessaria
683 958 907 1048 ignoramus,
946 955 1135 1048 quianon
1185 950 1309 1024 multis
1330 951 1436 1022 rebus
1457 950 1628 1043 implicat.
1680 945 1909 1042 Experientia
1932 951 2037 1023 ctiam
2059 965 2180 1024 osten-

140 1066 336 1140 necessaria
358 1064 566 1148 didicimus;
593 1060 742 1132 alterum
761 1083 845 1130 vero
863 1055 1044 1128 Isocratis:
1072 1077 1135 1130 σο-
1187 1055 1240 1126 dit
1261 1077 1386 1148 pravas
1407 1076 1481 1124 esse
1504 1065 1649 1124 naturas
1671 1065 1705 1122 ct
1726 1052 1926 1136 seditiosas,
1952 1079 2044 1148 quae
2058 1067 2180 1126 amant

142 1165 240 1266 φούς
265 1161 394 1262 νομίζο
423 1162 475 1260 μὴ
497 1159 585 1244 τοὺς
605 1159 769 1258 ἀκριβῶς
789 1153 872 1256 περὶ
894 1162 1041 1254 μικρῶν
1061 1157 1135 1254 ips·
1186 1157 1357 1226 absurdas
1379 1170 1413 1226 et
1430 1169 1647 1226 monstrosas
1663 1153 1870 1246 opiniones,
1895 1169 1930 1228 ct
1944 1157 2076 1228 artium
2091 1181 2179 1228 con-

143 1267 291 1360 ζέονας,
332 1264 424 1342 ἀλλὰ
453 1262 541 1349 τοὺς
570 1263 611 1338 ἐν
642 1258 725 1360 περὶ
752 1265 831 1336 τῶν
859 1255 1050 1362 μεγίστων
1078 1255 1136 1334 λε’·
1186 1259 1417 1330 turbationes.
1469 1255 1605 1350 Estque
1625 1256 1850 1328 verissimum
1875 1261 1973 1353 quod
1995 1259 2086 1330 dixit
2100 1253 2178 1332 llu-

143 1397 291 1472 γοντοο.

572 1521 595 1587 S
605 1545 650 1584 ex
658 1539 670 1585 t
678 1543 706 1588 t.

245 1657 336 1732 Cum
361 1653 624 1729 Illustrissimus
644 1649 815 1742 Princeps
837 1639 1029 1719 Iohannes
1042 1643 1135 1722 Fri.

145 1757 286 1832 deciens
308 1759 389 1830 Dux
413 1755 586 1828 Saxoniae
607 1749 770 1838 Elector,
796 1749 1043 1842 Landgravius
1057 1751 1135 1822 Tu-

143 1865 294 1954 ringiae,
320 1851 485 1928 Marchio
508 1853 663 1950 Mysiae,
690 1868 724 1926 ct
739 1851 978 1942 Burggcavius
993 1851 1134 1922 Meide-

143 1962 346 2054 burgensis,
395 1959 453 2052 pio
492 1957 661 2040 consilio,
711 1955 886 2046 stipendia
920 1955 1134 2047 pauperibus

143 2061 370 2138 Scholasticis
386 2083 468 2130 suae
481 2059 627 2128 ditionis
643 2055 782 2126 circiter
797 2057 1029 2148 quadraginta
1046 2081 1133 2128 con·

144 2165 317 2248 stituerit,
340 2177 374 2234 ct
399 2161 484 2230 velit
508 2159 700 2254 quotannis
723 2181 846 2226 eorum
868 2159 985 2228 studia
1000 2159 1056 2228 his
1073 2183 1134 2228 cx-

143 2265 298 2360 plorari,
333 2263 573 2356 pertineatea
604 2283 659 2330 res
689 2261 732 2328 ad
755 2256 890 2328 Decani
921 2283 1061 2344 curam,
1094 2273 1133 2330 ut

142 2369 381 2436 adolescentes
395 2359 736 2431 mandatoRcctoris
751 2373 1001 2444 convocentur,
1028 2361 1133 2430 etad-

142 2469 272 2538 iunctis
286 2465 423 2556 aliquot
438 2485 478 2532 cx
492 2457 674 2550 Collegio,
700 2459 830 2552 praesit
845 2459 921 2550 ipse
937 2459 1102 2534 examini.

241 2578 333 2654 Cum
357 2578 452 2650 enim
470 2577 658 2669 praecipue
673 2569 914 2646 Ecclesiarum
929 2598 1032 2646 causa
1048 2571 1134 2648 haec

140 2683 310 2754 beneficia
333 2679 549 2774 pauperibus
568 2677 760 2750 constituta
775 2675 866 2762 sint,
889 2701 963 2746 non
982 2690 1033 2748 est
1048 2702 1134 2748 con-

142 2787 339 2856 cedendum
361 2797 400 2854 ut
417 2781 527 2852 ociosi
545 2781 739 2852 abutantur
754 2777 964 2850 liberalitate
980 2779 1134 2872 publica,

141 2889 200 2958 sed
226 2885 478 2976 perficiendum
495 2895 565 2968 est,
588 2896 630 2952 ut
644 2893 736 2951 recte
751 2894 785 2950 et
799 2879 927 2950 ordine
942 2881 1080 2954 discant
1094 2875 1133 2950 hi

141 2989 397 3070 adolescentes,
422 2999 463 3056 ut
484 2983 682 3054 doctrinam
696 2979 883 3072 Evangelii
904 2995 939 3053 ct
962 2983 1049 3054 alias
1067 2979 1133 3054 ho-

141 3103 259 3160 nestas
275 3103 366 3160 artes
381 3109 575 3180 propagare
589 3085 742 3177 possint,
768 3107 808 3154 ac
823 3085 1052 3158 meminerint
1066 3085 1133 3180 ipsi

141 3193 380 3263 adolescentes
395 3183 711 3280 saepeApostolica
726 3211 812 3256 voce
828 3186 1045 3280 vituperatos
1061 3211 1134 3258 esse

141 3293 282 3386 eosqui
303 3287 495 3362 Ecclesiam
520 3289 752 3374 defraudant,
779 3301 814 3360 et
835 3289 993 3380 neglecto
1018 3289 1133 3362 officio

139 3394 329 3487 stipendiis
343 3395 524 3466 fruuntur.
907 3413 912 3420 ·

243 3511 291 3584 Et
311 3507 350 3580 hi
371 3511 610 3582 adolescentes
631 3533 706 3578 non
728 3523 866 3580 tantum
887 3509 926 3578 in
944 3505 1134 3580 Gramma-

142 3619 231 3701 tica,
259 3628 292 3686 et
313 3613 493 3684 elementis
508 3606 762 3702 Philosophiae
782 3612 1046 3698 examinentur,
1072 3613 1132 3684 scd

143 3719 249 3788 etiam
271 3717 309 3783 in
332 3716 493 3786 doctrina
510 3709 705 3790 Ecclesiae,
733 3713 919 3806 praecipue
940 3715 1034 3782 cuim
1052 3715 1132 3786 ideo

142 3816 230 3889 haec
252 3815 422 3887 beneficia
440 3817 605 3910 princeps
621 3813 790 3904 largitur,
817 3837 862 3883 ne
877 3815 1050 3886 desint-ad
1067 3841 1133 3910 po-

142 3921 333 3992 steritatem
351 3914 514 3990 homines
531 3915 651 3987 idonei
665 3917 708 3984 ad
728 3917 905 3988 docendas
920 3911 1106 3990 Ecclesias.

546 4073 729 4160 Septima.

244 4205 408 4278 Decanus
431 4219 547 4292 curet,
572 4219 612 4277 ut
634 4207 762 4278 ordine
782 4205 940 4294 magistri
964 4205 1131 4298 adscripti

142 4313 181 4381 in
208 4307 405 4396 Collegium
432 4311 622 4401 disputent.
692 4307 746 4380 Ac
775 4307 980 4401 priusquam
1009 4310 1132 4400 dispu-

143 4413 230 4484 tatio
247 4411 388 4504 publice
402 4411 628 4502 proponitur,
654 4408 797 4480 Decano
811 4423 1043 4494 monstretur,
1068 4435 1131 4504 qur

143 4538 217 4582 non
240 4513 409 4582 concedat
432 4513 582 4604 proponi
608 4511 771 4582 materias
795 4511 984 4596 absurdas,
1016 4513 1131 4598 falsas,

145 4617 279 4688 inanes.
331 4612 401 4684 Sed
419 4611 538 4684 iubeat
552 4637 652 4684 veras
666 4627 698 4684 et
712 4613 914 4706 profuturas
929 4615 1023 4686 vitae
1038 4615 1131 4704 eligi,

144 4719 240 4810 quod
271 4728 417 4808 propter
443 4713 572 4784 multas
596 4738 716 4786 causas
737 4715 826 4786 utile
847 4729 909 4788 est.
967 4715 1128 4786 Primum

1187 1359 1335 1454 ripidcat
1361 1353 1499 1432 ἐσθλὸν
1523 1353 1567 1430 τὸ
1591 1353 1718 1456 σαφές.

1287 1477 1371 1550 Ideo
1392 1501 1475 1548 vera
1499 1491 1533 1548 et
1550 1489 1645 1548 recta
1660 1489 1917 1568 proponantur.
1968 1476 2042 1550 Nec
2057 1479 2178 1551 existi-

1186 1582 1357 1652 mandum
1381 1592 1434 1650 est
1456 1579 1533 1649 leve
1554 1579 1758 1650 exercitium
1783 1579 1918 1668 ingenii
1934 1603 2024 1668 esse,
2049 1582 2179 1653 confir-

1185 1707 1283 1754 mare
1309 1705 1391 1752 vera
1421 1695 1454 1754 et
1483 1681 1657 1772 explicare
1674 1681 1873 1772 ¹contraria.
1926 1681 2063 1754 Multae
2094 1695 2199 1755 suut·

1186 1785 1283 1854 enim'
1304 1807 1449 1874 magnae
1472 1807 1595 1854 causae
1617 1783 1655 1852 iu
1672 1783 1839 1852 omnibus
1856 1782 2015 1870 artibus,
2042 1787 2081 1854 iu
2097 1785 2179 1880 qui-

1186 1887 1252 1958 bus
1275 1899 1396 1957 contra
1418 1885 1601 1956 veritatem
1618 1885 1732 1956 multa
1747 1885 1981 1976 plausibiliter
1999 1887 2179 1974 dicuntur,

1185 2013 1276 2082 qnae
1293 1990 1445 2058 refutare
1462 1989 1580 2078 magni
1598 2000 1649 2058 est
1666 1985 1808 2056 artificis
1824 1988 1862 2056 in
1877 2011 1941 2059 suo
1956 2011 2095 2080 genere.

1286 2103 1365 2177 Hoc
1387 2107 1495 2194 igitur
1515 2105 1720 2176 exercitium
1745 2129 1922 2187 amemus,
1948 2131 2031 2178 vera
2047 2109 2178 2178 confir·

1186 2210 1307 2276 mandi
1330 2223 1364 2280 et
1388 2207 1577 2278 evolvendi
1593 2232 1635 2278 ex
1654 2207 1727 2278 illis
1744 2208 1941 2300 praestigiis
1956 2233 2046 2305 quae
2063 2235 2177 2306 oppo-

1185 2321 1333 2382 uuntur.

1285 2423 1405 2496 Liceat
1422 2425 1528 2496 etiam
1544 2424 1687 2499 Decano
1704 2439 1738 2497 et
1753 2425 1834 2496 aliis
1847 2426 2039 2500 lectoribus
2054 2451 2179 2500 aman·

1185 2538 1239 2596 ter
1260 2537 1294 2596 et
1318 2525 1513 2597 iuventutis
1537 2527 1751 2598 erudiendae
1767 2547 1870 2598 causa
1887 2529 2069 2614 interfari,
2095 2554 2177 2602 cum

1185 2627 1369 2719 responsio
1386 2627 1504 2721 aliqua
1519 2627 1693 2719 displicet,
1718 2641 1758 2700 ut
1772 2629 1811 2700 fit
1829 2627 2179 2718 inaliisAcademiis,

1187 2729 1251 2799 ubi
1276 2753 1315 2798 ea
1341 2725 1393 2800 ’est
1410 2731 1505 2800 inter
1520 2727 1686 2799 Lectores
1700 2729 1950 2802 benevolentia
1966 2745 2107 2818 mutua,
2131 2757 2179 2804 nc

1186 2831 1265 2924 quis
1280 2832 1480 2921 arrogantia
1491 2845 1552 2901 aut
1566 2825 1782 2926 φιλονεικία,
1799 2832 1856 2901 vel
1867 2833 2068 2926 interpellet
2077 2835 2178 2922 alios,

1186 2933 1241 3002 vel
1273 2933 1499 3025 interpellare
1530 2933 1768 3019 existimetur,
1801 2935 1861 3004 sed
1887 2949 1926 3008 ut
1949 2937 1988 3006 in
2010 2937 2176 3010 convivio

1185 3033 1360 3106 familiare
1392 3047 1426 3105 et
1457 3059 1563 3107 suave
1591 3035 1810 3130 colloquium
1831 3036 1925 3108 inter
1946 3037 2079 3108 amicos
2100 3061 2176 3110 esse

1185 3138 1340 3214 ducitur.
1391 3135 1464 3208 Nec
1486 3138 1643 3230 prolecto
1666 3137 1740 3207 ulla
1764 3149 1814 3208 cst
1837 3139 1978 3212 dulcior
1999 3141 2176 3216 cantilena

1184 3240 1299 3310 bonae
1322 3239 1454 3325 menti,
1484 3263 1590 3332 quam
1614 3239 1737 3310 audire
1758 3239 1854 3310 vims
1874 3243 2070 3336 sapientes,
2094 3266 2176 3335 gra-

1185 3365 1265 3426 ves,
1290 3341 1442 3428 amicos,
1465 3341 1624 3412 veritatis
1642 3353 1817 3428 amantes,
1844 3345 1982 3436 placide
2000 3367 2080 3418 suas
2096 3345 2176 3437 opi-

1185 3443 1311 3514 niones
1333 3445 1571 3528 conferentes,
1598 3443 1683 3513 etin
1700 3443 1762 3513 tali
1776 3445 1966 3518 collatione
1981 3445 2177 3534 veritatem,

1185 3547 1240 3616 vel
1257 3545 1507 3638 investigantes
1523 3545 1579 3614 vel
1595 3545 1822 3617 illustrantes.

1286 3663 1489 3749 Postremo,
1520 3663 1550 3732 si
1581 3663 1661 3755 quis
1693 3663 1838 3734 confuse
1867 3661 1944 3732 sinc
1972 3663 2176 3739 Dialecticis

1185 3767 1329 3852 iormis,
1361 3781 1422 3838 ant
1454 3759 1710 3838 stomachosius
1739 3765 1875 3836 rixatur
1896 3765 2033 3856 potius,
2067 3793 2174 3864 οιτοιο

1184 3869 1359 3960 disputat,
1384 3882 1445 3940 aut
1466 3869 1570 3938 etiam
1588 3866 1826 3952 conviciatur,
1852 3865 1946 3938 dicat
1963 3867 1993 3936 ei
2011 3865 2175 3944 Decanus

1184 3973 1279 4066 qnod
1295 3968 1456 4042 Socrates
1470 3967 1620 4040 Meneni
1635 3971 1729 4059 apud
1746 3966 1930 4040 Platonem
1946 3963 2006 4042 δεῖ
2018 3965 2175 4068 npuden-

1184 4097 1252 4168 ρον
1272 4076 1350 4153 πῶς
1362 4067 1425 4144 καὶ
1441 4063 1766 4164 διαλεκτικώτερον
1783 4064 2064 4166 ἀποκρίνεσθαι.
2116 4073 2173 4150 Sit

1184 4175 1288 4244 etiam
1312 4175 1468 4244 monitor
1489 4173 1679 4246 lectoribus
1694 4173 1834 4263 linguae
1851 4173 2000 4260 latinae,
2023 4189 2057 4246 et
2071 4197 2173 4266 grae-

1183 4300 1262 4364 cae,
1288 4289 1321 4346 ct
1344 4275 1542 4346 dialectices
1566 4287 1606 4346 ut
1628 4287 1753 4346 curent
1772 4273 1900 4359 scribi,
1925 4276 2066 4348 recitari
2090 4278 2173 4350 lati·

1120 4411 1130 4428 ·
1182 4401 1245 4450 uas
1259 4379 1549 4457 declamationes,
1575 4391 1608 4448 ct
1623 4391 1828 4468 argumenta
1845 4375 1928 4468 eligi
1945 4371 2105 4452 honesta.

1596 4584 1758 4652 Octava.

1283 4715 1337 4789 De
1357 4718 1523 4808 gradibus
1539 4728 1698 4786 servetur
1715 4715 1950 4802 consuetudo,
1973 4716 2057 4810 quia
2072 4741 2170 4790 cont-

144 4819 238 4888 enim
262 4817 428 4888 conducit
452 4815 560 4885 inseri
582 4841 682 4888 veras
698 4830 730 4886 et
747 4817 860 4886 bonas
875 4819 1061 4910 opiniones
1078 4833 1130 4890 te·
1182 4821 1336 4914 perimus
1357 4819 1483 4890 studiis
1503 4819 1677 4911 proluisse
1697 4829 1731 4887 et
1753 4819 1918 4909 prodesse
1932 4819 2109 4906 examina,
2135 4835 2169 4892 et

144 4921 240 4990 nmis
265 4919 454 4992 mentibus.
506 4915 646 4989 Deinde
666 4921 710 4990 ad
728 4943 884 4990 amorem
901 4923 1058 4992 veritatis
1074 4943 1130 4990 as-
1181 4947 1260 4994 cum
1286 4947 1322 4992 se
1350 4925 1394 4992 ad
1423 4923 1552 5013 gradus
1573 4933 1784 5012 praeparant
1805 4919 1969 5006 iuvenes,
1998 4945 2054 4992 res
2076 4923 2169 5012 cogit

144 5021 281 5092 sueberi
313 5021 551 5104 iuventutem,
592 5021 705 5092 multo
736 5023 863 5092 melius
895 5037 946 5094 est
975 5019 1130 5114 Reipub.
1181 5048 1239 5096 eos
1268 5025 1372 5095 certis
1395 5025 1530 5096 artibus
1554 5021 1757 5108 immorari,
1788 5023 1884 5116 quod
1903 5035 1943 5092 ut
1965 5023 2075 5114 magis
2097 5024 2168 5106 fiat,

143 5147 249 5216 quam
273 5125 316 5192 ad
343 5123 499 5194 studium
524 5123 738 5194 defendendi
760 5125 955 5218 paradoxa,
980 5139 1014 5196 ct
1033 5125 1131 5195 labe-
1180 5129 1293 5197 sciant
1307 5127 1455 5197 studiosi
1472 5149 1537 5196 nos
1553 5124 1713 5195 examina
1729 5147 1803 5192 non
1819 5125 1857 5192 in
1873 5123 2169 5210 cavillationibus,
2286 5215 2290 5224 Ι

141 5225 297 5296 sectandi
320 5247 524 5294 communes
547 5238 581 5294 et
603 5219 768 5296 honestas
791 5227 999 5312 sententias,
1033 5251 1131 5298 com·
1179 5245 1241 5302 aut
1259 5229 1386 5298 ociosis
1409 5227 1676 5322 quaestionibus
1698 5239 1969 5316 consumpturos
1991 5249 2082 5308 esse,
2106 5229 2167 5298 scd

141 5329 307 5420 probatas
330 5327 423 5396 veris
447 5327 587 5398 iudiciis
606 5326 836 5418 sapientium,
863 5341 898 5400 et
922 5327 1130 5423 quiaPara-
1180 5333 1218 5400 in
1242 5333 1439 5424 praecipuis
1461 5331 1592 5400 artium
1613 5327 1789 5412 materiis,
1822 5327 1861 5396 in
1881 5325 2102 5412 Dialecticis‚
2135 5343 2170 5399 et

142 5431 235 5502 doxa
258 5453 334 5500 non
355 5429 448 5500 veris
469 5428 705 5520 argumentis,
733 5433 792 5502 sed
819 5445 957 5502 tantum
979 5427 1129 5524 Sophis—
1179 5430 1358 5530 Physicis,
1384 5427 1637 5604 Aritgqnptica,
1662 5425 1835 5516 Euclide,
1857 5424 2028 5522 Sphaera,
2048 5425 2171 5500 Theo-
