4666 6170
97 211 173 296 246
468 211 722 296 SCRIPTA
754 211 830 292 AD
863 209 1060 290 Vtram
1090 209 1168 294 ET
1195 211 1428 293 out'rttttt
1457 207 1761 294 Murmura.
2067 221 2144 302 246

93 405 167 466 toto
191 388 287 462 vitre
304 401 484 481 tempore,
512 391 608 488 quod
626 415 706 462 cum
724 387 983 483 aliquantisper
1001 389 1038 460 iu
1055 413 1098 462 eo
1151 389 1304 464 ctionem
1321 387 1418 484 piam
1434 390 1625 462 conciliare
1644 392 1769 480 vellet,
1793 387 1981 486 Coniunge
2006 395 2144 494 aliquos

92 496 290 588 gaudentes
318 494 524 583 religiosum
550 493 720 586 gaudium
747 505 1003 584 spectaremus,
1038 517 1100 564 sn·
1150 520 1172 564 o
1194 491 1309 577 Deus,
1335 492 1494 578 dicebat,
1528 518 1635 588 quam
1660 521 1782 566 vocam
1808 499 2010 590 saepissime
2033 525 2073 572 ex
2098 527 2142 572 eo

92 599 169 670 bito
195 597 259 666 ille
285 597 459 666 dodrante
482 595 551 666 iam
577 611 656 688 post
679 590 803 668 horam
825 608 956 664 sextam
978 595 1097 687 elapso
1150 596 1255 668 multi
1275 595 1498 666 audiverunt.
1548 593 1681 668 lilium
1698 600 1741 666 ad
1757 623 1918 690 precum,
1942 616 1976 674 et
1992 627 2141 674 concor-

93 701 171 770 sine
198 698 276 769 nlla
304 697 533 768 contorsione
561 699 635 770 oris
666 711 727 770 aut
758 695 918 788 corporis
939 721 1100 768 commo-
1150 701 1230 769 diae
1251 698 1411 768 studium
1435 691 1663 780 hortabatur,
1698 715 1828 771 ettam
1852 703 2007 774 dicebat:
2042 703 2139 778 Deus

94 803 193 874 tione
210 798 407 892 expiravit,
433 813 538 894 atque
553 800 600 870 ita
617 799 755 893 placide
771 812 806 870 et
823 799 953 870 leniter
967 812 1006 870 ut
1021 823 1096 870 non
1150 799 1215 870 tibi
1248 799 1441 870 benedicet.
1505 797 1664 892 Repetiit
1691 815 1726 874 et
1758 805 1994 890 mentionem,
2033 832 2140 901 quam

94 903 414 980 attentissimorum
430 903 553 972 oculos
569 915 603 974 et
617 901 871 995 praesentiam,
898 902 1018 992 fugere
1040 925 1097 972 res
1148 903 1263 974 facere
1279 904 1402 972 crebro
1418 903 1544 971 solitus
1560 903 1691 989 luerat,
1715 907 1887 974 sermonis
1904 903 2017 978 babiti
2033 933 2052 978 a
2070 911 2140 978 ela-

97 1000 361 1097 indeprehensa
378 1005 559 1096 potuisset.
610 1003 734 1100 Neque
750 1003 878 1074 intuto
897 1027 1009 1104 agone
1023 1003 1097 1073 ulla
1149 1003 1279 1075 rissimi
1304 1003 1372 1073 viri
1392 1003 1433 1076 D.
1453 1000 1621 1074 lobannis
1634 1005 1897 1096 Stramburgeri
1919 1009 2070 1101 coniuge
2086 1014 2141 1080 vi-

94 1106 291 1180 commotio
309 1119 371 1178 aut
389 1106 626 1198 perturbatio,
654 1107 727 1178 ulla
742 1104 948 1178 deformitas
966 1105 1038 1175 ulla
1058 1105 1095 1174 in
1148 1109 1235 1178 dua.
1297 1103 1387 1177 Eam
1416 1130 1497 1176 eum
1532 1106 1725 1201 aliqnando
1752 1109 1971 1181 laborantem
1999 1114 2141 1183 tabifico

96 1224 195 1306 parte
230 1208 498 1294 animadversa,
531 1210 629 1278 nulla
664 1233 814 1304 usquam
849 1207 1097 1278 immundicias
1149 1207 1264 1278 morbi
1288 1208 1381 1277 malo
1400 1201 1626 1279 hortantibus
1639 1210 1760 1280 amicis
1778 1213 1993 1296 arcessisset,
2022 1231 2144 1306 postea

96 1336 212 1406 neque
229 1305 499 1410 καρφολογίαι,
529 1334 643 1404 neque
658 1309 848 1408 quicquam
867 1333 1097 1404 eorumquae
1149 1310 1239 1380 dixit
1254 1333 1290 1380 se
1304 1311 1401 1381 illius
1416 1311 1577 1382 oratione
1595 1335 1668 1381 non
1685 1337 1810 1404 parurn
1830 1313 1937 1384 luisse
1954 1318 2143 1386 confirma·

100 1415 338 1486 morientibus
361 1413 471 1482 ferme
494 1413 652 1494 accidere
667 1437 893 1488 consuevere.
944 1411 1001 1483 Ad
1019 1435 1097 1482 cae-
1149 1427 1236 1484 tum.
1288 1409 1358 1484 Sed
1382 1412 1570 1506 praecipue
1593 1407 1679 1484 haec
1704 1439 1981 1487 commemorare
1996 1419 2142 1506 solebat,

104 1533 168 1590 tera
188 1517 292 1611 quod
310 1514 454 1600 attinet,
479 1515 570 1587 sicut
587 1516 675 1588 vixit
689 1530 829 1594 sancte,
862 1514 909 1584 ita
935 1527 1098 1583 mortuos
1149 1514 1246 1584 illam
1271 1539 1350 1584 curn
1375 1515 1642 1606 pronunciasset
1663 1517 1855 1588 sententias
1878 1519 2033 1614 aliquot,
2060 1523 2141 1614 qui-

105 1619 206 1690 etiam
229 1616 449 1688 sanctissime
469 1618 554 1701 fuit,
581 1618 652 1688 vita
675 1618 791 1688 clausa
807 1611 851 1712 ³¹¹)
875 1615 943 1708 piis
961 1630 994 1686 et
1011 1615 1098 1686 assi·
1148 1617 1215 1686 bns
1232 1615 1358 1685 fiducia
1377 1615 1493 1686 meriti
1511 1615 1589 1686 lesu
1604 1611 1739 1688 Christi
1757 1620 1829 1688 sola
1845 1644 1918 1690 esse
1932 1617 2140 1694 hominibus

101 1719 178 1792 dois
194 1719 364 1812 precibus
379 1733 413 1789 et
430 1717 667 1804 sermonibus,
692 1743 783 1815 qnos
798 1719 934 1788 utinam
950 1717 1096 1788 univer·
1149 1717 1608 1804 salutarisdemonstratur,
1634 1715 1932 1812 qnalisesthaec:
1966 1721 2026 1796 Sic
2044 1723 2137 1796 Deua

99 1847 154 1896 sos
175 1823 465 1906 recordaremur,
492 1834 527 1892 et
553 1816 621 1892 boc
645 1823 722 1893 loco
739 1821 957 1914 perscribere
977 1842 1098 1912 posse-
1148 1819 1272 1890 dilexit
1292 1819 1476 1905 mundum,
1499 1820 1661 1892 otlilium
1678 1843 1782 1892 suurn
1798 1838 1863 1894 etr.
1899 1821 1946 1894 Et
1958 1826 2024 1919 qui
2042 1825 2139 1899 videt

99 1948 197 2012 mus,
224 1923 326 1994 nulla
350 1922 446 1994 euim
469 1946 508 1992 re
534 1924 645 2013 magis
669 1918 754 1994 haec
778 1922 950 2014 expositio
974 1921 1098 1991 mortis
1149 1921 1280 2006 lilium,
1305 1935 1338 1990 et
1362 1921 1473 1992 credit
1493 1921 1531 2004 in
1556 1947 1652 2006 eum,
1687 1919 1792 1994 habet
1813 1925 1923 1996 vitam
1946 1943 2139 2012 aeternam,

99 2029 200 2098 illius
217 2039 340 2097 nostra
361 2026 654 2098 commendabilis
671 2025 775 2096 bonis
790 2039 824 2095 et
841 2024 908 2116 piis
928 2023 1097 2092 omuibus
1149 2019 1216 2108 Et,
1249 2023 1426 2093 iustificati
1460 2023 1528 2093 lide
1556 2047 1675 2114 pacem
1704 2021 1890 2097 habemns:
1938 2026 2005 2098 llis
2030 2031 2140 2120 igitur

99 2132 330 2210 redderetur,
363 2150 453 2224 quos
469 2141 588 2199 tamen
602 2127 804 2198 meminisse
819 2127 857 2196 iu
874 2121 940 2196 hoc
955 2122 1098 2216 ingente
1151 2125 1394 2215 pronunciatis
1419 2124 1517 2193 illam
1540 2125 1687 2206 dixisse,
1717 2152 1753 2197 se
1769 2124 1861 2198 nibil
1877 2130 2009 2202 sentire
2025 2133 2138 2204 tristi·

100 2233 249 2316 dolore,
274 2244 308 2302 et
325 2231 591 2322 perturbatione
608 2254 745 2302 summa
761 2243 882 2300 nostra
906 2227 1098 2320 potuimus,
1149 2227 1223 2297 ciac
1251 2227 1371 2296 animo
1403 2250 1486 2312 suo,
1524 2251 1640 2322 neque
1666 2228 1764 2299 aliud
1794 2255 1922 2322 cupere
1945 2248 1979 2304 et
2000 2235 2138 2325 precari

100 2359 159 2406 eos
179 2336 279 2404 bona
301 2332 369 2402 fide
394 2333 592 2404 retulimus.
636 2331 878 2404 'Meminimus
897 2343 933 2402 et
948 2329 1098 2422 sparsim
1149 2353 1255 2424 quam
1282 2329 1560 2400 consolationem
1583 2331 1684 2400 istam
1709 2345 1835 2403 essert
1857 2358 2062 2426 permanere
2079 2335 2139 2406 lir-

101 2435 328 2534 quorundam
354 2433 418 2529 qui
435 2433 564 2528 quibus
580 2435 695 2504 morbi
713 2433 839 2504 diebus
853 2446 888 2504 et
901 2432 1098 2503 occasioni·
1149 2455 1254 2517 mam,
1279 2455 1395 2524 neque
1409 2430 1482 2500 ulla
1498 2432 1567 2501 alia
1581 2431 1795 2523 cogitatione
1809 2449 1869 2506 aut
1884 2459 1966 2506 cura
1984 2460 2021 2508 se
2036 2437 2139 2514 allici.

102 2542 168 2614 bos
181 2535 299 2610 habiti
316 2537 399 2623 sint,
424 2559 498 2606 non
511 2560 697 2628 possumus
714 2537 853 2622 dicere,
875 2533 919 2604 iis
934 2547 1097 2626 propter·
1149 2530 1267 2626 Atque
1292 2527 1377 2604 lracc
1397 2533 1550 2603 recitans
1575 2537 1800 2626 quorundam
1815 2538 1878 2630 qui
1895 2541 2139 2630 praecaeteris

103 2669 138 2714 ea
180 2637 281 2712 lrunc
312 2639 430 2710 locum
462 2639 689 2730 peculiariter
719 2636 996 2720 reservavimus,
1034 2633 1097 2704 ubl
1149 2633 1245 2705 docti
1266 2647 1301 2706 et
1316 2633 1470 2726 religiosi
1488 2633 1601 2704 videri
1617 2635 1766 2722 vellent,
1792 2639 1934 2722 sutiles,
1955 2653 1988 2712 et
2004 2639 2140 2727 inanes,

107 2744 308 2838 promiscue
329 2753 550 2812 notarentur.
602 2737 690 2812 Erat
710 2753 827 2812 autem
842 2739 880 2808 in
900 2737 1024 2832 primis
1041 2731 1098 2805 his
1148 2750 1254 2832 atquc
1280 2735 1385 2807 etiam
1412 2736 1635 2807 turbulentas
1656 2737 1913 2830 disputationes
1939 2754 1971 2811 et
1989 2758 2139 2814 conten-

110 2845 220 2918 morbi
244 2841 410 2914 extremis
434 2843 560 2912 diebus
582 2843 856 2914 familiarissima
879 2841 932 2924 ei,
967 2855 1001 2910 et
1027 2840 1098 2910 ire·
1149 2839 1263 2917 tiones
1284 2833 1565 2931 reprehendebat
1581 2851 1615 2910 et
1632 2838 1738 2910 unius
1753 2841 1911 2912 mulieris
1926 2841 2088 2934 pietatem
2105 2859 2140 2916 ct

118 2945 337 3042 quentissima
352 2969 437 3031 vox,
458 2969 564 3042 quam
581 2959 655 3016 tum
671 2945 820 3040 singulis
835 2967 924 3038 pene
938 2965 1098 3011 momen·
1149 2941 1306 3014 veritatis
1324 2941 1481 3011 studium
1500 2941 1644 3012 illorum
1662 2941 1876 3014 clamoribus
1891 2947 2012 3014 etzelo
2027 2970 2147 3038 oppos

113 3052 151 3120 tis
164 3073 247 3122 cum
264 3047 417 3140 gemitu,
442 3062 477 3119 et
495 3047 621 3116 intimo
639 3049 758 3118 cordis
782 3061 883 3120 motu
903 3045 1097 3137 repetebat:
1149 3044 1267 3119 nebat.
1318 3041 1517 3138 Siquando
1534 3043 1666 3113 mentio
1683 3044 1780 3117 lieret
1796 3039 1979 3118 hostilium
1993 3047 2140 3120 inlecta-

111 3147 165 3224 Ah
181 3150 283 3222 Deus
306 3149 574 3220 misereremei!
602 3162 636 3218 et
651 3149 711 3219 illa
728 3147 876 3220 Psalmi:
911 3141 1098 3217 lnteDo·
1150 3145 1308 3231 tionum,
1333 3147 1464 3240 quibus
1478 3147 1771 3238 oppugnabatur,
1797 3143 1890 3218 nihil
1906 3151 2141 3244 respondebat

110 3256 202 3324 ruine
227 3251 386 3346 speravi,
412 3276 485 3322 non
508 3252 703 3322 confundat
726 3251 763 3321 in
788 3264 860 3323 tota
882 3248 1100 3330 aeternitate,
1149 3247 1259 3332 aliud,
1284 3271 1391 3342 quam
1405 3246 1496 3316 illud
1512 3245 1656 3316 Psalmi.
1707 3245 1765 3317 llli
1782 3249 2051 3337 maledicebant,
2077 3275 2141 3344 ego

108 3373 140 3426 et
163 3379 287 3428 rursus
313 3353 381 3423 alia
409 3350 557 3423 Psalmi:
600 3349 748 3424 Unicam
772 3351 859 3446 petii
887 3376 906 3422 a
931 3349 1099 3434 Domino,
1149 3349 1435 3420 autemorabam.
1462 3343 1510 3420 Et
1526 3342 1748 3420 rursushaec
1763 3347 2028 3430 PsalmiCXX.:
2055 3351 2141 3426 Mo-

111 3455 199 3529 lianc
215 3456 395 3552 requiram
410 3469 450 3526 ot
467 3451 621 3526 habitem
639 3457 674 3525 in
690 3459 798 3527 domo
812 3453 958 3526 Domini
982 3451 1096 3522 omni·
1150 3451 1235 3522 lesta
1251 3466 1300 3520 est
1319 3445 1491 3523 habitatio
1505 3451 1645 3538 animae
1662 3475 1780 3537 meae,
1807 3438 1888 3524 cum
1902 3447 1959 3524 his
1975 3455 2037 3550 qni
2054 3457 2142 3526 ode·
2254 3545 2260 3552 Ι

109 3562 173 3631 bus
189 3560 317 3630 diebus
333 3559 426 3629 vitae
444 3581 560 3644 meae,
587 3572 620 3628 et
636 3560 776 3630 videam
793 3559 1008 3650 voluptatem
1025 3551 1100 3624 Do·
1151 3565 1236 3624 runt
1258 3577 1391 3646 pacem.
1441 3549 1518 3646 Ego
1533 3554 1715 3646 pacificus,
1741 3556 1800 3624 sed
1818 3579 1897 3626 cum
1914 3557 2062 3652 loquor,
2088 3557 2144 3630 illi

112 3663 221 3748 mini,
251 3677 287 3733 et
309 3660 447 3731 visitem
471 3661 641 3752 templum
659 3662 744 3734 eius.
796 3657 958 3754 Cumque
974 3657 1011 3726 in
1026 3669 1098 3726 tota
1152 3655 1415 3746 belligerantur.

112 3766 179 3837 vita
198 3763 300 3886 quod
322 3785 445 3832 omnes
467 3762 618 3882 sciunt,
640 3765 702 3857 qui
721 3787 801 3834 eum
819 3773 1016 3879 noverunt,
1041 3783 1100 3829 ar·
1252 3784 1308 3862 Eo
1332 3790 1391 3860 dg,
1412 3814 1484 3885 quo
1506 3790 1646 3882 publice
1668 3803 1884 3882 pogqremum
1907 3788 2145 3890 praelegare),

113 3871 317 3939 dentrssrme
331 3889 433 3935 orare
449 3865 573 3936 solatus
590 3877 646 3951 srt,
666 3859 732 3936 boc
749 3879 865 3935 tamen
883 3864 999 3954 morbo
1012 3877 1100 3932 tem·
1150 3893 1432 3968 ,dolmenqum
1447 3893 1661 3986 ququdam
1677 3895 1880 3985 petentibus
1896 3896 2143 3968 testimonium

113 3993 196 4065 ΡΜ
219 3966 349 4061 prim
370 3961 550 4088 vllaehac
566 3969 605 4038 3¹¹
622 3965 955 4086 Parledlllgfflffffim
975 3978 1010 4034 ⁰²
1026 3963 1102 4083 Pl*
1152 3994 1365 4068 initiationis
1391 4017 1491 4076 suae,
1525 3994 1618 4086 cepit
1651 3995 1803 4068 scribere
1836 3992 1901 4070 bos
1935 3998 2139 4094 versiculos,

112 4089 218 4146 tatem
242 4071 349 4160 longe
371 4069 544 4144 vrncebat.
596 4067 719 4164 ltaque
741 4083 883 4161 pretatis
908 4079 1101 4182 sententrae
1152 4110 1376 4196 quonam
1391 4119 1465 4168 non
1484 4097 1653 4168 absolvit:

111 4191 143 4246 et
167 4172 329 4244 interdiu
352 4170 382 4240 ei
407 4171 446 4240 io
468 4195 529 4241 ore
554 4167 685 4242 ease‘et
710 4195 773 4264 per
799 4171 953 4266 quietern
980 4167 1100 4238 oliern
1231 4255 1235 4264 1
1654 4256 1661 4270 Ι

113 4274 319 4349 dormienti.
365 4271 656 4368 Quotiescunque
676 4287 793 4344 autem
815 4288 924 4342 noctu
940 4294 960 4340 e
975 4292 1101 4341 somno
1206 4254 1341 4320 ΛΜΝ
1357 4259 1492 4337 genitore
1506 4267 1576 4316 ”⁸¹⁰
1589 4249 1718 4316 chmi'·

113 4377 429 4472 expergiscebatnr,
447 4389 481 4447 et
496 4389 675 4468 semperet
685 4370 884 4445 nihilaliud
895 4394 1102 4466 exsoquam
1207 4357 1321 4423 ΟΜΝ
1336 4363 1428 4440 patris
1444 4379 1484 4418 ’Χ
1499 4361 1567 4432 ³l¹¹¹¹
1579 4353 1711 4429 emoti,

113 4481 265 4574 gemitus
290 4479 332 4548 ad
351 4475 466 4548 Deum
490 4490 525 4548 et
545 4479 722 4570 precantis
738 4499 841 4546 voces
855 4475 1103 4546 audiebantur.
1206 4459 1326 4523 vasam
1340 4456 1498 4541 Emg‘ffi
1513 4461 1610 4520 f0¹⁰¹¹⁸
1626 4471 1760 4532 mm·

115 4583 156 4656 ln
179 4581 305 4676 primis
330 4593 447 4650 umen
471 4603 535 4671 pro
561 4577 718 4651 Ecclesia
740 4573 807 4648 lroc
832 4593 990 4650 extremo
1015 4587 1103 4644 tem·
1126 4595 1127 4598 ’
1209 4559 1618 4642 Quaeredenrtbmexhtbes
1632 4567 1771 4640 P⁰¹t¹²l0¹

115 4709 201 4780 pore
234 4707 299 4754 suo
329 4683 455 4752 orabat
477 4683 660 4753 ardentius
680 4705 786 4778 quam
813 4703 971 4774 unquam
992 4690 1107 4759 antea,
1208 4663 1317 4727 ΨΜ
1332 4667 1541 4747 insuetamque
1558 4665 1781 4744 ‘milhma

116 4789 219 4860 cuius
241 4782 457 4854 calamitates
479 4783 518 4852 in
543 4778 609 4854 hoc
625 4798 718 4855 statu
734 4783 845 4874 ipsius
861 4781 990 4852 misero
1007 4793 1040 4850 et
1055 4779 1107 4847 al·
1207 4763 1248 4831 Et
1263 4771 1317 4853 ‘1¹¹¹
1332 4771 1477 4849 ”neuim
1490 4787 1546 4826 ¹¹⁰³
1562 4777 1617 4826 ¹¹²⁰
1633 4763 1803 4844 r‘dulim'

119 4887 316 4961 llietissimo
339 4879 567 4956 vehementer
581 4909 660 4956 eum
678 4885 904 4966 cruciabant,
929 4886 973 4954 de
990 4904 1059 4976 quo
1075 4894 1110 4951 et
1208 4867 1360 4950 Εῑῑΰᾶῑθι
1387 4881 1506 4953 'teum
1520 4869 1653 4952 ll⁰l³q¹¹⁰
1671 4869 1779 4942 imm,

118 5011 223 5060 voces
244 5001 348 5082 atque
373 4987 645 5060 contestationes
668 4989 766 5058 illios
790 5009 897 5078 supra
913 4983 1110 5056 retulimus.
1211 4971 1415 5058 Ostenditque
1434 4975 1493 5054 pits
1510 4983 1598 5032 tuom
1614 4979 1785 5052 parantem

120 5087 167 5166 Et
189 5091 389 5184 plerunque
410 5089 448 5158 in
466 5083 523 5158 bis
540 5089 677 5162 ultimis
693 5115 757 5184 pro
772 5085 929 5160 Ecclesia
946 5085 1111 5180 precibus
1210 5073 1333 5140 Nostros
1351 5073 1470 5142 Christe
1486 5060 1657 5158 sempar⁸⁰)
1676 5071 1784 5134 dorato
1804 5077 1930 5144 meatu,

123 5193 214 5274 suia,
240 5185 308 5264 boc
322 5191 486 5262 disertea
502 5188 580 5264 Deo
595 5205 711 5286 petere
726 5193 877 5272 solebat,
902 5203 942 5260 ut
960 5187 1112 5259 coniun—
1164 5241 1375 5254 ...-.-

127 5351 315 5368 ···-·-·····
950 5321 957 5328 ’
1197 5324 1243 5392 59)
1256 5325 1408 5394 rutenis]
1427 5319 1477 5377 lid.
1489 5318 1518 5376 Ι.
1532 5316 1635 5372 docuit.

157 5421 202 5490 58)
222 5419 281 5475 uite
297 5419 409 5488 densa]
425 5417 516 5476 Edi.
534 5421 571 5478 n.
1028 5491 1032 5500 ¹
1126 5485 1129 5492 Ι
1197 5413 1244 5484 fio)
1262 5417 1385 5482 sempr]
1400 5407 1489 5464 ΕΜ.
1505 5416 1616 5551 stapr-
