4686 6172
101 279 178 356 989
591 269 897 372 ALLOQDIA
928 269 1005 353 ΕΤ
1038 273 1274 354 BREVES
1301 269 1653 350 CONCIONES.
2061 271 2137 344 999

94 455 238 526 labores
261 452 584 526 administrationis
605 445 674 524 hoc
702 453 864 526 semestri
885 451 1093 546 praecipuos
1140 448 1394 523 Consiliarium
1411 447 1644 520 illustrissimi
1661 445 1771 520 Ducis
1785 445 1968 534 Saroniae,
1989 440 2133 518 Eiecto-

57 555 61 562 ’
94 557 279 629 sustinuit.
329 554 436 626 Nunc
451 580 551 626 more
571 555 731 646 legitimo
745 555 886 646 depono
909 556 1093 646 magistra-
1140 554 1192 623 ris
1208 567 1271 627 etc.
1297 553 1479 642 Singulari
1494 565 1611 622 autem
1627 551 1693 622 Dei
1709 550 1881 622 beneficio
1896 552 1935 619 in
1950 546 2015 620 hac
2027 543 2133 619 scho-

94 673 188 745 tum,
214 673 248 732 et
262 682 324 729 vos
338 654 523 743 adhortor,
548 671 590 730 ut
604 659 650 727 ad
666 660 751 727 novi
765 657 932 729 Rectoris
946 657 1091 730 electio·
1140 656 1173 726 la
1198 654 1380 747 perspicue
1403 653 1578 724 illustrata
1601 666 1654 724 est
1677 653 1838 724 doctrina
1858 653 1904 722 de
1926 649 2133 722 discrimine

94 786 202 847 nem,
228 783 333 855 quam
354 761 449 830 blius
461 757 529 831 Dei
549 763 740 850 gubernet,
764 759 827 854 qui
842 759 967 846 iaciat,
991 772 1031 832 ut
1044 761 1092 831 sit
1140 757 1328 827 ministerii
1353 752 1576 848 Evangelici,
1608 767 1644 826 et
1666 755 1802 848 politici
1832 755 1990 839 ordinis,
2023 766 2058 824 et
2086 753 2131 824 de
2213 805 2216 812 Δ

92 865 211 936 sauata
226 863 399 950 etioelix,
422 862 630 955 procedatis.
681 859 777 932 Dixi.
1139 858 1341 929 obedientia
1365 859 1482 930 debita
1504 857 1671 948 legitimis
1698 857 1985 947 magistratibus·
2028 851 2131 925 Hanc

367 1019 371 1032 .
1140 961 1330 1050 cogitantes
1357 953 1441 1030 huic
1472 958 1617 1032 Rectori
1645 971 1762 1030 vestro
1791 958 1940 1030 Doctori
1970 949 2132 1050 Georgia

96 1059 333 1162 motiuncula,
360 1079 425 1148 quo
445 1057 643 1160 renunciat,
663 1077 736 1124 essm
757 1079 851 1147 mam
872 1056 1091 1158 communibus
1139 1054 1320 1133 Crucovio
1348 1075 1550 1132 reverenter
1579 1061 1720 1132 obedite
1749 1073 1894 1154 propter
1922 1062 2130 1130 mandatum

115 1147 304 1236 '‘dimili‘’
326 1145 470 1214 silwim
483 1144 683 1212 ‘mimia‘
702 1143 874 1211 mmm
894 1141 991 1230 ‘1³⁹¹‘
1003 1149 1066 1212 ⁶¹⁶·
1138 1163 1222 1236 Dei:
1253 1163 1400 1234 Necesse
1417 1177 1467 1234 est
1481 1163 1626 1234 obedire
1640 1187 1714 1232 non
1729 1163 1845 1234 solum
1864 1175 2007 1256 propter
2029 1162 2131 1246 iram,

200 1269 308 1359 Quod
341 1267 495 1338 inustum
530 1277 565 1336 et
597 1265 681 1336 ielis
713 1264 777 1349 sit,
815 1287 954 1358 expono
988 1264 1090 1334 vobis
1139 1268 1198 1336 sed
1215 1265 1321 1338 etiam
1337 1279 1483 1358 propter
1496 1265 1762 1336 conscientiam.
1797 1257 2131 1336 ilaecsererissima

95 1371 260 1446 omnium
292 1369 597 1440 consentientibus
624 1366 801 1457 suliragiis
833 1367 983 1439 electum
1017 1389 1090 1435 esse
1137 1367 1310 1438 sententia
1330 1367 1503 1438 divinitus
1526 1369 1674 1454 tradita,
1697 1365 1990 1437 commoneiaciat
2004 1387 2068 1436 vos
2084 1365 2129 1434 tle

94 1473 287 1546 Rectorem
312 1466 420 1540 hlaibs
442 1465 674 1549 Academiae,
706 1469 824 1538 virum
854 1467 1089 1538 clarissimum
1139 1471 1321 1540 voluntate
1351 1483 1384 1539 et
1410 1468 1542 1540 iudicio
1563 1467 1651 1551 Dei,
1694 1483 1729 1540 et
1759 1469 1943 1540 confirmet
1971 1481 2131 1560 pectora,

96 1569 300 1668 Georgium
316 1565 555 1656 Grncovium,
579 1567 769 1642 Ductorem
786 1567 814 1640 i.
831 1567 889 1652 U,
912 1567 1091 1642 Consilia·
1138 1595 1183 1642 ne
1198 1573 1359 1642 furenter
1370 1585 1493 1640 contra
1509 1569 1641 1653 Deum,
1666 1584 1701 1641 et
1715 1570 1891 1662 legitimos
1907 1570 2130 1660 magistratus
2173 1641 2176 1650 ,

96 1678 192 1748 rium
217 1673 449 1747 illustrissimi
473 1669 584 1742 Ducis
603 1669 795 1758 Saxoniae,
827 1669 1004 1744 Electoris
1026 1685 1090 1742 etc·
1138 1687 1263 1758 ruant,
1295 1697 1360 1742 uec
1387 1673 1456 1743 sibi
1487 1675 1577 1742 iram
1605 1671 1674 1744 Dei
1706 1687 1740 1743 et
1778 1695 1908 1764 poenas
1938 1667 2130 1744 attrahant.

94 1781 150 1854 Ac
164 1779 278 1848 lilium
292 1775 359 1848 Dei
374 1773 569 1844 Dominum
583 1787 744 1844 nostrum
762 1771 879 1844 iesum
893 1768 1090 1855 Christum,
1138 1773 1277 1845 Deinde
1310 1774 1506 1846 reverentia
1540 1797 1621 1864 erga
1647 1775 1890 1846 doctrinarum
1924 1775 2039 1846 studia
2065 1795 2130 1844 vos
2261 1769 2264 1776 ’

96 1883 281 1952 sedentem
304 1881 346 1948 ad
370 1878 527 1947 dextram
555 1875 690 1946 aeterni
719 1875 849 1966 patris,
880 1876 1089 1948 ardentem
1140 1889 1297 1960 moveat,
1326 1891 1366 1948 ut
1399 1877 1600 1946 conservari
1633 1871 1798 1948 honestas
1829 1871 1977 1948 Schoias
2001 1875 2129 1946 velitis.

94 1985 191 2054 dona
227 1977 450 2058 hominibus,
483 1973 647 2046 Pastores
666 1989 701 2048 et
723 1973 914 2062 Doctores,
940 2001 1024 2064 oro,
1049 1989 1091 2048 ut
1139 1977 1266 2068 Qualis
1282 1977 1320 2046 in
1336 1981 1406 2050 vita
1425 1978 1630 2050 barbaries?
1655 1977 1788 2069 Quales
1807 1979 1992 2064 tenebrae,
2015 1961 2131 2072 qualis

95 2098 131 2156 et
166 2084 264 2153 inter
297 2103 364 2150 nos
398 2091 513 2148 servet
545 2090 580 2150 et
612 2081 785 2168 gubernet
814 2079 1020 2149 docentium
1055 2092 1090 2149 et
1138 2082 1176 2152 iu
1192 2081 1352 2151 moribus
1367 2081 1549 2162 conlusio,
1576 2105 1682 2175 quam
1699 2093 1788 2151 tetra
1803 2081 1890 2166 Dei,
1914 2080 2131 2172 religionum

91 2185 310 2258 discentium
343 2194 480 2261 coctus,
513 2195 549 2251 et
573 2179 619 2251 sit
645 2181 718 2272 ipse
745 2173 852 2250 buius
879 2179 1089 2251 Academiae
1138 2197 1172 2252 et
1193 2183 1309 2272 legum
1323 2183 1458 2252 oblivio
1483 2197 1644 2254 secutura
1667 2181 1780 2254 esset?
1805 2181 1835 2252 si
1851 2182 1977 2255 deletis
1992 2180 2131 2254 Acade-

90 2289 233 2361 Rector
248 2299 283 2356 et
300 2281 503 2364 Protector,
530 2295 564 2352 et
581 2276 677 2352 hunc
691 2279 882 2354 Rectorem
896 2279 1089 2354 Ductorem
1139 2285 1240 2367 miis,
1262 2284 1488 2354 indoctorum
1510 2285 1782 2376 cupiditatibus,
1808 2297 1844 2361 et
1864 2285 2073 2356 monstrosis
2088 2307 2129 2354 ac

88 2384 299 2482 Georgium
311 2385 465 2458 adiuvet.
513 2379 608 2453 Dixi.
1020 2407 1023 2414 ⁴
1137 2385 1314 2456 seditiosis
1330 2385 1565 2456 fanaticorum
1579 2382 2130 2460 bominumclamoribusomnia

1138 2499 1326 2576 regantur,
1350 2499 1392 2556 ut
1416 2487 1454 2555 lit
1471 2487 1565 2556 iuter
1581 2484 1831 2579 Anabaptistas,
1855 2501 1890 2560 et
1916 2490 2063 2560 iliorum
2081 2487 2131 2558 si·

91 2599 317 2673 denunciatio
348 2597 479 2684 pvblico
509 2617 619 2666 rernm
646 2597 864 2679 auditoribus,
900 2617 965 2684 quo
991 2593 1090 2661 simod
1119 2587 1251 2676 miles.
1299 2584 1397 2656 Haec
1425 2588 1519 2658 maia
1541 2611 1587 2658 ue
1614 2591 1793 2671 accidant,
1828 2591 2012 2662 doctrinae
2036 2591 2129 2660 insto

92 2709 148 2758 ⁶⁰⁸
177 2687 229 2756 Μ
259 2683 474 2754 milleium
508 2703 565 2750 ⁸¹⁴⁰
592 2680 814 2768 mihimilli
842 2681 1089 2770 immam,
1137 2690 1264 2760 ordine
1278 2687 1554 2760 considerandae
1569 2703 1671 2774 sunt,
1695 2693 1793 2784 quod
1816 2691 1893 2762 lieri
1913 2717 1987 2763 non
2007 2705 2131 2784 potest,

508 2767 674 2838 ΜΝ·
1138 2791 1207 2861 nisi
1225 2791 1297 2862 sint
1322 2785 1482 2877 honesti,
1507 2793 1692 2886 tranquilli
1716 2805 1753 2864 et
1776 2807 1869 2864 recte
1889 2795 2046 2866 ordinati
2062 2795 2130 2865 do-

195 2894 284 2966 Non
309 2915 390 2964 casu
411 2903 529 2962 ortum
553 2903 605 2962 est
620 2913 730 2982 genus
745 2885 944 2960 humanum
961 2885 1089 2960 exDe-
1138 2893 1294 2964 centium
1321 2905 1355 2963 et
1379 2891 1592 2964 discentium
1622 2908 1754 2970 coetus.
1810 2893 1917 2968 Tales
1945 2909 2065 2968 emtus
2088 2909 2130 2966 ur

95 2999 238 3074 mocriti
251 2995 400 3080 atomis,
425 3015 490 3062 nec
506 3015 588 3062 casu
604 3015 797 3063 servamur.
851 2990 921 3064 Sed
938 3015 1020 3062 vere
1037 3005 1089 3061 est
1138 3008 1409 3080 conserventur,
1446 2995 1579 3082 singuli
1606 3017 1671 3066 suo
1700 2995 1779 3068 loco
1808 3011 1986 3088 praestent
2014 2987 2129 3068 officia

96 3103 194 3177 Deus
208 3112 371 3170 aeternus
386 3095 550 3166 conditor
571 3093 709 3185 generis
722 3088 892 3180 humani,
918 3119 997 3164 cum
1014 3093 1088 3163 lilio
1138 3097 1319 3168 communi
1336 3097 1585 3189 tranquillitati
1599 3099 1730 3184 debita,
1750 3113 1786 3170 et
1798 3099 2130 3173 veiintAcademias

97 3229 161 3278 suo
182 3215 345 3285 aeterno,
373 3195 530 3268 Domino
552 3211 674 3268 nostro
697 3193 776 3266 lesu
788 3192 933 3268 Christo
957 3209 992 3267 et
1006 3194 1090 3288 Spi-
1138 3223 1307 3270 assevero
1323 3197 1389 3268 Dei
1405 3199 1546 3291 templa,
1572 3213 1606 3270 et
1621 3215 1827 3272 ornamenta
1839 3197 2027 3288 Ecclesiae,
2048 3201 2130 3298 qui-

97 3309 170 3381 ritu
193 3317 333 3387 sancto,
359 3300 421 3395 qoi
442 3297 511 3368 sibi
530 3295 725 3370 Ecclesiam
750 3311 927 3368 aeternam
952 3296 1089 3388 colligit
1139 3303 1206 3374 bus
1227 3299 1362 3373 Rector
1388 3300 1434 3372 sit
1456 3302 1552 3372 lilius
1571 3299 1657 3390 Dei,
1688 3299 1867 3376 Dominus
1888 3315 2009 3376 noster
2031 3302 2128 3374 iesus

96 3433 182 3481 voce
197 3402 383 3494 Evangelii
399 3400 794 3494 peretprcpterliiium
810 3395 1005 3470 Dominum
1021 3423 1089 3470 no-
1138 3400 1319 3488 Christus,
1352 3403 1538 3474 crucifixus
1560 3429 1626 3498 pro
1649 3405 1772 3492 nobis,
1797 3407 2039 3488 resuscitatus,
2073 3427 2129 3475 se-

95 3527 210 3585 strum
236 3507 353 3578 Iesum
369 3499 572 3588 Christum,
606 3501 811 3574 crucifixum
836 3526 901 3594 pro
925 3501 1030 3572 uobis
1054 3515 1089 3572 et
1138 3509 1228 3576 dens
1243 3507 1288 3576 ad
1304 3507 1462 3576 dextram
1484 3507 1619 3576 aeterni
1637 3507 1763 3599 patris,
1788 3509 1986 3578 deusdona
2009 3503 2129 3578 homi-

95 3611 361 3688 resuscitatum,
387 3621 421 3678 et
442 3605 655 3675 mirabiliter
673 3604 711 3674 in
734 3603 844 3676 tantis
866 3603 1087 3674 confusioni·
1139 3609 1264 3692 nibus,
1297 3605 1460 3678 Pastores
1490 3621 1525 3678 et
1551 3605 1744 3696 Doctores,
1777 3609 1867 3681 sicut
1891 3609 2011 3704 inquit
2035 3609 2129 3702 ipse:

93 3719 160 3789 bus
174 3711 317 3807 geneth
338 3703 486 3780 humani
509 3707 679 3799 Protegit·
706 3719 740 3778 ei
757 3720 872 3778 terrei
888 3721 1007 3776 coelur
1021 3707 1088 3776 do·
1139 3709 1352 3804 Ubicunque
1366 3723 1451 3780 stant
1465 3711 1537 3778 duo
1550 3723 1612 3780 aut
1626 3725 1697 3781 tres
1713 3713 1912 3804 congregati
1930 3715 1966 3782 iu
1982 3712 2128 3782 nomine

92 3819 253 3894 centium
274 3827 309 3886 et
333 3809 543 3882 discentium
566 3805 813 3898 Evangeiium.
1139 3837 1238 3890 meo,
1264 3813 1303 3881 in
1317 3813 1435 3882 medio
1453 3835 1576 3882 eorum
1593 3835 1683 3887 sum.
1734 3811 1841 3886 Hunc
1859 3830 1980 3886 verum
1997 3811 2130 3886 Recto-

190 3915 291 3990 Huic
315 3939 398 3984 vero
422 3909 498 3982 Deo
523 3925 665 3980 aeterno
693 3909 783 4000 patri
803 3907 950 3978 Domini
972 3909 1086 4003 nostri
1138 3937 1213 3984 rem
1229 3909 1426 3984 Dominum
1447 3926 1609 3984 nostrum
1628 3911 1741 3985 iesum
1758 3911 1960 4004 Christum,
1985 3915 2047 4010 qui
2071 3915 2129 3984 in-

91 4023 169 4096 iesu
185 4013 327 4094 Christi
341 4012 471 4106 gratias
486 4035 570 4102 ago,
594 4012 690 4106 quod
709 4005 877 4082 hacteuus
896 4012 1087 4082 clementer
1135 4015 1233 4110 quit:
1258 4011 1334 4106 Ego
1352 4037 1430 4084 sum
1444 4016 1546 4100 vitis,
1570 4039 1635 4086 vos
1651 4016 1832 4108 palmites,
1859 4043 1942 4104 oro,
1967 4033 2007 4089 ut
2024 4017 2129 4090 iaciat

90 4121 208 4198 iubis
239 4118 445 4210 regionibus
472 4115 607 4204 colligit
633 4127 811 4185 aeternam
837 4109 1029 4182 Ecclesiam
1052 4125 1087 4184 et
1138 4141 1206 4189 nos
1224 4117 1291 4188 sibi
1307 4117 1489 4210 palmites,
1515 4141 1581 4190 uos
1597 4121 1738 4207 docear,
1763 4121 1936 4210 gubernet
1958 4133 1992 4191 et
2009 4133 2129 4214 prote·

90 4219 399 4302 veraedoctrinae
419 4217 555 4300 studia,
579 4228 752 4286 eteorum
774 4210 925 4306 hospitia
944 4239 1087 4285 consec·-
1137 4233 1206 4313 gat,
1259 4219 1386 4292 Amen

94 4345 165 4418 vat,
182 4343 217 4400 et
231 4321 323 4396 hanc
338 4317 565 4392 Academiam
579 4331 702 4388 contra
716 4319 909 4388 multorum
930 4311 1085 4386 hostium

95 4433 232 4504 rabiem
250 4423 418 4519 protegit,
444 4435 479 4492 et
498 4436 537 4492 ut
559 4443 697 4512 semper
712 4431 888 4510 protegat,
910 4414 1003 4489 hanc
1022 4417 1084 4488 ttc-
1141 4449 1196 4462 ·-
2026 4451 2125 4466 ...-

96 4535 237 4606 clesiam
270 4541 304 4598 et
332 4521 582 4606 Academiam,
619 4545 763 4613 precor,
797 4521 880 4615 quia
906 4521 1087 4590 verissime

95 4637 231 4708 dictum
255 4641 321 4700 est:
361 4623 438 4696 Nisi
461 4623 639 4696 Dominus
659 4623 865 4696 custodierit
888 4623 1086 4708 civitatem,
1145 4607 1318 4736 Q
1869 4619 1901 4682 7.
1922 4615 1998 4682 Dae.
2022 4617 2118 4686 1559.

95 4741 225 4811 frustra
240 4729 364 4822 vigilat
376 4727 437 4820 qui
452 4727 607 4797 custodit
621 4751 709 4798 earn.
748 4723 840 4796 Cum
856 4737 973 4796 autem
990 4727 1085 4794 bono
1846 4715 2129 4748 m

94 4837 245 4910 consilio
265 4831 495 4904 constitutum
510 4827 566 4912 sit,
592 4839 632 4898 ut
646 4828 807 4923 quolibet
821 4827 978 4898 semestri
993 4849 1085 4897 onus
1206 4819 1241 4874 ¹⁸
1255 4815 1385 4874 ⁰¹⁸li⁰²
1396 4815 1432 4872 T·
1446 4817 1481 4876 V·
1492 4835 1521 4894 Ρ·
1534 4813 1585 4872 ⁸⁶³
1596 4833 1656 4890 Ἢ·
1667 4823 1696 4872 0⁸
1707 4816 1737 4873 ἲ·
1751 4815 1880 4874 θῆῑῖη
1893 4825 1979 4892 posu.
1991 4835 2021 4890 r·
2036 4819 2095 4878 174-

93 4939 260 5014 Βεεῑῠῑῐῦ
285 4935 324 5004 ἷῦ
345 4931 456 5004 alium
480 4931 728 5016 ¹²³⁰‘f“³¹⁰'’
762 4943 796 5000 ἰ
822 4929 935 5022 ''¹¹⁰‘st
961 4953 1084 5000 ⁰¹¹¹¹¹⁰⁸
1187 4983 1328 5052 Petilio
1357 4975 1409 5050 oct
1434 4979 1801 5052 Vicecunoelloristns
1828 4975 2077 5069 Academias,

94 5025 1085 5237 haserenantantilitatem
1137 5079 1224 5172 ‹oum
1360 5081 1998 5278 agg-„pggggpm

94 5245 202 5316 ioelis
216 5243 275 5328 sit,
299 5239 448 5310 electum
466 5259 540 5306 esse
551 5233 738 5310 Rectorem
754 5230 861 5306 buius
874 5233 1084 5306 Academiae

94 5347 213 5418 virum
240 5337 495 5434 clarissimum,
528 5335 728 5409 eruditione
756 5349 792 5408 et
819 5337 949 5409 virtute
973 5357 1083 5427 prae·
1135 5323 1352 5408 Ruerende
1373 5333 1449 5422 vir,
1479 5329 1636 5405 Domine
1658 5329 1952 5406 vicecancellarie
1975 5333 2130 5426 integer-

91 5461 246 5522 stantem
268 5435 471 5538 Georgium
493 5427 730 5533 Grueovium,
761 5433 953 5511 Ductorem
977 5435 1082 5522 luris,
1134 5437 1237 5514 rime.
1287 5433 1429 5510 &imus
1450 5435 1622 5530 scriptum
1646 5457 1720 5506 esse
1739 5435 1786 5506 de
1800 5431 1895 5508 Pilio
1910 5435 1994 5510 Deis
2019 5433 2128 5510 Sedet
