4638 6176
248 185 349 282 5'75'
967 199 1295 290 CARMINUM
1343 220 1453 304 mu.
1487 222 1570 308 111.
2184 247 2243 328 676

240 378 320 455 Hoc
333 374 489 452 Doctore
505 367 836 452 iterumssremensi
853 373 1020 452 inclaruit
1033 381 1117 456 urbi
1284 388 1353 466 No.
1375 395 1461 474 1117.
1924 434 2024 478 m„
2047 415 2122 482 Md,
2147 421 2224 496 154¹.

294 483 409 558 Unius
425 475 561 551 Christi
576 499 722 546 inuuere
740 491 838 570 parta
855 481 959 556 salus.
1300 492 1473 522 w„
2163 557 2165 562 ,

242 586 292 660 At
307 585 391 680 quia
406 583 548 654 divinos
564 578 688 652 statuis
703 576 732 670 ⁴)
748 582 899 654 detraxit
915 578 1082 670 honores,
1355 614 1486 670 Mdmffi·
1504 616 1611 673 cumn·
1628 617 1672 674 m
1691 621 1715 674 Ι.
1755 661 1765 682 ι
1775 599 1848 682 4581·
1879 627 1948 686 um
1967 629 2071 709 &ripis
2088 638 2156 708 pisi.
2174 641 2243 702 m

293 688 455 760 Exitium
469 675 642 754 Monachi
656 683 815 773 qualibet
828 698 903 754 arte
919 700 1089 779 struunt.¹
1290 765 1293 770 ι
1388 686 1671 754 attentionem.
1688 639 1777 763 pis,

241 791 330 984 11ιό
322 792 545 964 161111ῑέ5ῗὲ
553 786 989 982 ggffizssdggffizcg
990 817 1013 962 ly
1015 813 1171 965 mua
1173 906 1238 967 cat.
1286 843 1483 920 Somnium
1501 845 1669 944 Plii‘li'ppi'
1683 849 1732 925 de
1749 847 1901 948 hyaene
1915 863 1958 934 in
1976 870 2131 940 comitiis
2143 873 2243 946 naia-

244 996 326 1068 Heu
339 1005 490 1066 curtam
504 990 623 1060 subito
640 989 763 1060 orbata
783 1005 834 1060 est
847 987 1004 1066 Ecclesia
1020 996 1085 1068 tali
1582 949 1816 1031 b⁰nen⁸lb¹⁴⁸·
1843 959 1988 1060 (le)

294 1095 471 1179 Lumine,
498 1115 569 1186 quo
587 1084 731 1182 posthac
749 1093 873 1162 debuit
888 1079 949 1166 illa
964 1099 1048 1178 frui.
1290 1090 1352 1166 Me
1368 1094 1499 1167 iussere
1516 1095 1633 1170 Duces
1648 1103 1810 1176 fallacem
1827 1107 1972 1202 pingere
1994 1111 2154 1210 hyaenam

244 1187 280 1272 Ο
299 1199 427 1270 dilecte
442 1191 532 1266 mihi
547 1207 628 1264 ante
641 1193 731 1262 alios
746 1194 924 1288 Henrice,
950 1199 1083 1270 laboris
1340 1193 1388 1267 Et
1405 1202 1555 1271 monstri
1570 1205 1722 1295 speciem
1737 1233 1956 1302 proposuere
1971 1215 2070 1290 mibi.

173 1310 187 1324 ’“
295 1301 400 1371 Nunc
417 1311 552 1390 partem
570 1295 682 1371 nostri
699 1309 732 1366 te
748 1297 899 1368 tolerare
916 1304 1047 1376 veiim:
1290 1297 1398 1370 Tetra
1412 1316 1487 1373 erat
1502 1327 1542 1374 eii
1559 1307 1668 1376 variis
1684 1311 1795 1394 moles
1809 1317 1956 1388 contusa
1973 1319 2103 1408 liguris,

245 1404 353 1477 Talia
370 1423 586 1494 praeconum
601 1399 763 1492 quamvis
778 1413 862 1470 sunt
876 1402 946 1472 lata
963 1396 1118 1496 piorum,
1342 1401 1520 1498 Tectaque
1536 1407 1662 1479 liventi
1677 1415 1948 1502 sanguinolenta
1965 1437 2055 1496 cute.

298 1505 461 1576 Membra
479 1503 595 1572 iacent
610 1500 723 1568 saevis
738 1515 772 1572 et
788 1503 937 1574 lacerata
953 1509 1086 1578 modis:
1290 1501 1455 1596 Virginei
1473 1509 1612 1595 vultus,
1636 1514 1697 1582 sed
1716 1527 1817 1586 torva
1835 1521 2003 1593 micantia
2019 1525 2161 1598 flammis

245 1605 328 1679 Non
344 1606 480 1698 periere
494 1617 632 1686 tamen,
657 1603 718 1671 sed
739 1592 873 1675 habent
887 1611 1092 1680 commertia
1108 1611 1191 1682 laeti
1341 1606 1496 1678 Lumina
1514 1613 1679 1706 saevitiae
1697 1617 1812 1690 tristia
1828 1621 2090 1712 signa'dabant.

297 1708 390 1781 Curu
406 1703 571 1788 Christo,
602 1702 692 1772 vivis
707 1707 980 1802 agminibusque
1000 1727 1153 1804 patrum.
1292 1705 1326 1779 A
1344 1711 1437 1781 collo
1454 1713 1588 1801 gemini
1604 1719 1806 1804 pendebant
1825 1727 1980 1798 meinbra
1998 1730 2163 1816 draconis,

247 1809 385 1894 liuius,
415 1833 495 1878 cuin
509 1805 616 1877 stanti
633 1804 700 1874 tibi
713 1807 812 1878 frons
828 1823 991 1900 tangetur
1007 1817 1052 1884 ad
1066 1839 1178 1902 aram,
1343 1809 1485 1882 Scillaei
1502 1817 1644 1886 tandein
1661 1843 1741 1910 pars
1757 1839 1832 1894 erat
1848 1826 1917 1897 inia
1937 1832 2054 1921 pedes.

297 1912 351 1982 Te
368 1909 442 1980 fieri
460 1909 596 1980 socium
613 1909 756 1979 noveris
772 1911 845 2002 ipse
861 1907 974 1989 chori.
1292 1911 1492 1998 Horrebam
1507 1918 1700 2009 aspiciens,
1724 1936 1758 1993 et
1774 1938 1847 1998 tuto
1864 1953 2013 2022 corpore
2030 1925 2172 2025 sanguis,

247 1991 529 2106 Poiitificemque
576 2011 664 2080 scias
716 2012 783 2082 tibi
824 2008 1009 2088 Christum
1057 2019 1243 2118 imponere
1279 2113 1283 2118 Α
1345 2013 1397 2086 Ac
1414 2043 1504 2110 pene
1522 2020 1676 2092 extincto
1691 2029 1863 2116 sanguine
1881 2033 1952 2104 vita
1969 2035 2095 2126 fugit·

763 2115 923 2186 dextram
939 2112 992 2212 ⁸),
1278 2121 1279 2124 ’
1294 2115 1342 2190 Ut
1356 2121 1504 2210 pingam
1516 2135 1634 2191 tamen
1651 2125 1706 2195 illi
1721 2147 1867 2219 urgent,
1893 2159 1967 2206 non
1983 2141 2167 2233 obsequor,
2187 2136 2227 2206 aio

298 2215 465 2288 Poscenti
480 2214 573 2284 vires
590 2227 626 2284 et
639 2213 723 2284 dare
738 2216 830 2286 velle
844 2242 965 2294 novas.
1100 2221 1105 2226 ’
1345 2218 1476 2307 lratus,
1502 2223 1600 2315 pingi
1617 2250 1691 2298 non
1707 2230 1796 2302 bene
1812 2259 1912 2325 posse
1925 2241 2045 2329 pedes.

209 2336 217 2352 ¹
247 2314 347 2392 Proh
361 2331 494 2411 quanto
510 2341 528 2385 a
544 2316 640 2386 falsis
658 2329 791 2410 mystae
808 2320 1014 2393 discrimine
1027 2326 1102 2395 veri
1294 2320 1376 2411 Quo
1395 2325 1499 2396 ruitis
1521 2331 1706 2432 proceres?
1758 2330 1831 2423 Qui
1849 2355 1986 2412 mentes
2001 2355 2144 2434 occupat
2157 2339 2242 2411 crioil

299 2419 461 2500 Distant,
487 2413 555 2488 hoc
571 2418 676 2488 etiarn
693 2443 759 2488 nos
775 2421 977 2495 meminisse
994 2428 1104 2500 dccet.
1344 2423 1418 2498 Cur
1432 2428 1566 2519 templo
1583 2430 1720 2503 infertis
1735 2437 1827 2508 tolia
1837 2457 1996 2514 monstra
2012 2441 2103 2514 Dei?

172 2561 174 2568 >
247 2521 360 2596 Nemo
380 2534 491 2613 potest
506 2544 666 2614 unquam
683 2524 817 2592 censeri
832 2523 909 2594 iure
925 2531 1098 2616 sacerdos,
1292 2524 1464 2601 Excutior
1476 2553 1601 2602 somno
1610 2584 1622 2618 ,
1641 2535 1786 2623 gelidus
1802 2565 1882 2611 cum
1900 2559 2042 2636 pectore
2057 2560 2175 2618 manat.

297 2623 432 2697 Contra
448 2619 682 2712 Evangelium
699 2625 761 2716 qui
778 2626 849 2696 sera
865 2628 959 2725 bella
974 2632 1073 2720 gerit.
1345 2629 1482 2717 Sudor,
1507 2646 1541 2702 et
1557 2658 1576 2704 e
1593 2637 1711 2707 subito
1727 2645 1886 2718 membra
1901 2671 2034 2739 pavore
2051 2663 2188 2742 stupent

249 2725 394 2822 Quique
409 2726 531 2796 furens
546 2727 652 2794 audet
665 2749 757 2796 nova
774 2729 904 2819 fingere
920 2730 1087 2820 Numina,
1110 2733 1243 2828 quique
1266 2755 1269 2802 i
1293 2729 1468 2803 Nonnihil
1485 2729 1550 2804 hac
1568 2761 1715 2810 moneor
1738 2743 1896 2818 fortassis
1914 2749 2086 2842 imagine:
2111 2753 2166 2822 sed
2178 2764 2212 2834 te,

308 2828 416 2901 Sacra
429 2827 514 2896 iacit
528 2827 628 2897 nulla
643 2829 771 2900 tradita
787 2855 872 2902 voce
889 2829 969 2906 Dei.
1344 2832 1519 2921 Christe,
1541 2861 1645 2930 rogo,
1680 2857 1721 2914 ut
1746 2871 1912 2938 praesens
1928 2846 1969 2948 ⁸)
1998 2869 2137 2948 pectora
2157 2865 2244 2924 nostia

251 2928 358 3002 'l'ales
375 2929 523 3000 sacrifici
539 2929 766 3000 celebrabant
781 2927 893 3021 Orgia
908 2931 1060 3022 Baccho,

301 3027 437 3104 Errans
452 3055 532 3100 cuni
549 3025 681 3125 thyrsis
700 3024 797 3102 ebria
813 3038 916 3106 turba
935 3038 1019 3112 suis.

250 3129 299 3205 Et
315 3133 405 3206 Salii
421 3131 548 3204 Martis
564 3134 649 3203 tales
663 3134 784 3223 ignota
799 3139 980 3213 sonabunt

301 3233 467 3308 Carmina
486 3257 565 3305 cum
580 3251 741 3325 gererent
756 3252 853 3309 scuta
869 3255 1005 3314 vetusta
1020 3267 1140 3314 manu.

250 3335 437 3409 Sacrificos
452 3337 585 3406 similes
601 3350 695 3408 creat
713 3353 747 3410 et
761 3364 856 3410 nunc
870 3339 986 3414 Roma
1006 3342 1202 3438 prophana,

303 3438 378 3530 Qui
392 3453 537 3531 propter
552 3452 711 3508 ventrem
730 3444 878 3514 numina
896 3447 982 3516 salsa
998 3447 1131 3522 colunt.

252 3539 331 3611 Hos
345 3543 444 3632 luge,
470 3555 537 3612 eta
555 3542 647 3610 veris
663 3539 798 3612 Christi
814 3546 975 3618 discerne
992 3550 1176 3638 ministris,

302 3639 396 3714 Pure
412 3642 600 3734 Evangelii
619 3643 681 3736 qiii
696 3645 751 3737 pia
767 3646 859 3718 iussa
874 3650 1013 3726 docent.
1136 3735 1143 3742 .
1308 3679 1313 3704 t
1498 3662 1543 3730 ln
1558 3655 1748 3754 hyaenam
1760 3665 2085 3746 Ratiidoneiiaem.

251 3741 417 3840 Denique
434 3758 513 3814 vota
530 3745 581 3837 pii
599 3746 747 3832 faciant,
771 3772 1020 3847 summumque
1036 3768 1219 3846 parentem

304 3845 469 3917 Assiduis
566 3847 601 3918 Ἰ)
761 3853 860 3921 (Η
915 3855 923 3872 .
1294 3803 1495 3878 Emendare
1509 3807 1671 3903 strophas
1687 3809 2046 3918 huius,sraudesque
2061 3823 2177 3907 libelli,

483 3872 575 3938 prem
603 3871 661 3933 ω’
688 3873 759 3942 ‘³⁰⁰
799 3877 835 3922 ω
864 3868 896 3924 et
912 3879 1004 3946 ’μεθ’
1029 3871 1165 3947 mgem’
1344 3910 1426 3982 Non
1444 3915 1576 3984 multae
1592 3933 1757 4008 possunt,
1785 3945 1856 3992 una
1873 3921 1982 3996 litura
2028 3941 2125 3998 otest.

251 3943 302 4019 Ut
316 3949 490 4042 populum
506 3973 689 4042 perquem
708 3977 791 4022 vero
807 3955 1005 4046 celebretur
1018 3953 1167 4046 honore,
2002 3953 2025 4020 P

306 4049 463 4142 Augeat,
485 4065 519 4122 et
531 4074 670 4141 semper
689 4068 865 4145 protegat,
891 4073 996 4152 atque
1013 4052 1118 4150 r'egat.

252 4153 485 4248 Foelicesque
503 4155 610 4224 duces
627 4158 751 4238 addat,
779 4160 970 4254 doctosque
987 4163 1182 4246 ministros,

304 4255 418 4346 Larga
435 4253 621 4346 Evangelii
639 4257 761 4327 messis
775 4274 815 4330 ut
831 4285 904 4330 esse
920 4278 1035 4356 queat.
1265 4255 1270 4286 ¹
1297 4269 1363 4343 No,
1385 4271 1471 4345 189,
1510 4356 1514 4367 .
2135 4285 2251 4359 mm

253 4355 383 4429 Arceat
396 4370 431 4431 et
446 4354 580 4430 Christi
597 4374 812 4447 grassantem
830 4366 949 4434 dextra
967 4365 1180 4454 Draconem,
1302 4369 1473 4396 *Μ
2144 4377 2251 4412 ww

303 4457 357 4530 Ne
374 4461 469 4528 seriis
484 4455 679 4530 humanum
697 4465 843 4537 devoret
857 4491 963 4564 omyie
978 4491 1100 4558 genus.
1364 4485 1446 4570 Apud
1460 4484 1590 4568 Vinceni.
1602 4507 1627 4560 p.
1643 4483 1722 4572 aliq.
1743 4499 1771 4544 ei
1790 4491 1817 4576 tn
1831 4491 1947 4576 §eripite
1968 4497 2045 4570 pubi.
2058 4499 2147 4556 'nttt
2164 4491 2251 4584 ptttl·
2284 4453 2285 4484 i

253 4560 378 4634 servet
393 4583 483 4652 opus
497 4559 601 4630 paler
615 4577 775 4636 6616611118
794 4571 890 4660 quod
906 4573 1088 4658 condidit,
1107 4589 1212 4669 atque
1402 4553 1561 4610 Vincentius
1580 4577 1696 4628 margini
1711 4559 1870 4633 adscripsit:
1898 4567 2158 4639 „Rati'edonaeum
2171 4567 2229 4622 1511·

303 4663 476 4738 Notitiam
490 4663 646 4756 extingui
661 4669 845 4748 nonsinat
862 4672 935 4762 ipse
951 4675 1016 4746 sui.

1292 4123 2254 4156 *mma-*M

1358 4719 1405 4786 Iu
1425 4717 1719 4794 wintoniensem
1739 4717 1983 4818 defensorem
2008 4727 2206 4803 coelibatus.

1296 4859 1372 4950 Qui
1387 4863 1580 4934 castitatein
1597 4868 1734 4957 magnis
1750 4869 1917 4944 laudibus
1934 4867 2048 4960 vehis,

1295 4963 1501 5060 Contraque
1517 4983 1676 5039 sanctum
1690 4971 1849 5063 disputas
1867 4979 2104 5066 connubium,

1204 5061 1211 5072 ’
1297 5065 1356 5136 Τιι
1374 5069 1535 5162 quisquis
1550 5069 1611 5139 ille
1625 5072 1802 5144 coelibum
1817 5077 2077 5166 admiratores,

1297 5163 1434 5240 Omitte
1452 5171 1522 5240 iarn
1538 5185 1598 5243 tua
1614 5175 1764 5266 cogitata
1779 5178 1908 5251 callida

256 4831 489 4850 m

285 4939 316 5004 1)
336 4935 417 4996 Viris.
432 4951 543 5013 status,
563 4963 594 4998 es
608 4944 719 5000 mendo.

283 5040 312 5098 si
336 5039 418 5098 tine.
430 5047 555 5105 dextra.
572 5064 602 5100 ει
614 5045 724 5104 mendo.

1330 5414 1360 5484 *7
1375 5425 1533 5488 praesens]
1556 5418 1620 5478 Pes.
1633 5428 1660 5476 et
1672 5421 1779 5496 Scripta
1793 5427 1932 5492 placidus·
