4686 6172
221 233 297 340 stt
711 257 1013 353 antonum
1048 258 1121 333 nr
1154 257 1386 334 anavus
1419 257 1771 337 concreatus.
2190 261 2266 335 eta

304 440 363 511 Tu
380 440 456 534 ipse
472 454 524 512 tot
538 439 686 511 vulnera
702 434 1040 530 lilioDeipendenti
1055 435 1094 505 in
1111 458 1214 507 cruce
1266 459 1373 532 quam
1404 435 1504 529 quod
1530 432 1665 507 Paulus
1694 436 1830 532 inquit,
1872 435 2106 508 conscientias
2138 457 2160 506 a
2189 433 2268 507 Deo

221 545 326 628 sacis,
341 543 480 638 quoties
497 544 754 614 contumaciter
768 541 880 611 violas
895 537 1101 632 legemDei,
1116 552 1214 632 post·
1266 537 1389 620 avelli,
1420 551 1454 608 et
1474 538 1552 608 lieri
1568 534 1687 610 hostes
1700 535 1788 621 Dei,
1812 540 1842 610 si
1858 539 1930 609 sint
1944 553 2172 610 contumaces
2192 563 2270 610 ma-

224 672 332 740 quam
348 648 525 736 agnovisti
543 647 753 716 beneficium
777 645 843 714 filii
861 641 951 729 Dei,
977 643 1040 738 qui
1055 643 1133 713 vult
1148 665 1214 713 nos
1266 640 1482 732 gistratibus.
1535 640 1635 732 Quid
1650 656 1702 714 est
1714 656 1833 714 autern
1849 641 2000 728 tristius,
2027 667 2136 738 quam
2154 668 2173 712 a
2191 639 2268 714 Deo

222 775 289 842 pro
312 751 558 843 redemptione
582 763 699 840 gratos
718 771 813 831 esse,
853 759 887 816 et
910 742 1004 816 hanc
1025 745 1214 835 gratitudi-
1266 745 1431 814 avulsum
1454 756 1489 813 et
1510 743 1718 816 damnatum
1736 745 1832 815 esse?
1883 730 1968 816 ldeo
1984 759 2132 838 propter
2149 741 2267 816 Deum

224 877 306 925 nem
322 847 390 922 hoc
412 851 529 923 officio
550 852 748 932 declarare,
774 851 940 920 videlicet
956 849 1141 938 diligentia
1158 849 1215 940 pie
1266 846 1396 917 flectite
1427 845 1565 917 animos
1595 847 1640 917 ad
1663 847 1760 940 piam
1783 847 2023 918 obedientiam
2048 873 2133 939 erga
2155 851 2272 940 magi-

224 959 462 1047 regendorom
482 979 644 1040 morum,
670 979 777 1049 quam
799 968 840 1023 ut
864 952 1067 1043 praestetis,
1093 965 1129 1022 et
1154 975 1215 1019 ve-
1268 963 1416 1036 stratus,
1441 971 1507 1042 pro
1531 975 1602 1044 quo
1626 949 1743 1048 ollicio
1759 947 1856 1023 Deus
1873 950 2031 1043 praemia
2048 953 2219 1022 daturum
2237 976 2273 1022 se

223 1073 295 1131 stra
312 1059 477 1128 voluntas
492 1057 608 1127 anniti
623 1059 745 1142 debet,
772 1071 803 1125 et
821 1053 918 1126 Deus
936 1069 1099 1124 aeternus
1116 1067 1216 1146 pater
1251 1051 1447 1144 ¹promittit
1474 1051 1515 1119 in
1543 1047 1613 1124 boc
1644 1067 1850 1146 praecepto:
1885 1051 2037 1124 Honora
2065 1069 2207 1147 patrem
2239 1069 2273 1125 et

224 1161 364 1231 domini
390 1161 502 1231 nostri
527 1159 607 1230 lesu
632 1156 754 1232 Christ
774 1159 932 1228 orandus
955 1171 1026 1241 est,
1050 1156 1113 1250 qui
1137 1156 1217 1226 vult
1268 1169 1438 1240 matrem,
1463 1166 1503 1224 ut
1524 1155 1572 1224 sis
1596 1157 1790 1246 longaevus
1811 1171 2076 1252 superterram.
2128 1153 2273 1228 Deinde

224 1267 309 1334 dare
331 1264 507 1356 Spiritum
525 1276 705 1348 sanctum,
731 1286 806 1331 non
832 1261 1124 1344 contumacibus,
1154 1257 1216 1352 qui
1269 1265 1504 1343 mementote,
1538 1253 1687 1329 Scholas
1719 1275 1854 1350 partem
1889 1284 1961 1330 esse
1990 1255 2174 1331 Ecclesiae
2206 1259 2275 1332 Dei

224 1369 344 1437 laxant
376 1368 497 1435 lrenos
531 1365 700 1438 omnibns
733 1363 1005 1456 cupiditatibus,
1053 1365 1135 1447 sed,
1176 1375 1217 1431 ut
1270 1361 1508 1452 praecipuam.
1560 1357 1647 1432 Ideo
1663 1361 1741 1434 sitis
1755 1363 2003 1459 modestiores,
2031 1387 2077 1432 ne
2089 1363 2178 1432 mali
2194 1390 2275 1434 mo-

225 1465 389 1543 Christus
412 1469 549 1562 inquit,
575 1469 638 1552 iis,
665 1469 727 1561 qui
751 1481 899 1558 petunt,
934 1467 1121 1548 modestis,
1157 1487 1218 1533 co·
1270 1487 1326 1532 res
1349 1464 1564 1534 dedecorent
1582 1459 1779 1535 Ecclesiam
1802 1459 1888 1552 Dei,
1922 1481 1957 1538 et
1981 1490 2185 1536 moerorem
2212 1470 2273 1538 ad-

225 1573 422 1662 gitantibus
445 1574 490 1641 de
505 1570 572 1642 Dei
592 1571 794 1656 voluntate,
821 1585 854 1640 et
869 1567 1073 1666 petentibus
1093 1567 1217 1637 divina
1269 1567 1387 1636 lerant
1401 1565 1552 1658 Spiritui
1567 1582 1688 1640 sancto
1706 1568 1881 1642 inbonis.
2240 1625 2244 1631 .

225 1655 405 1746 beneficia.
527 1681 530 1687 '
1371 1665 1477 1738 Nunc
1504 1694 1590 1740 vero
1618 1671 1689 1742 tibi
1718 1665 1806 1742 haec
1830 1669 1996 1744 Rectoris
2026 1671 2129 1764 signa
2160 1677 2273 1745 trado.

326 1774 424 1846 Haec
456 1789 491 1846 et
519 1775 581 1846 alii
610 1799 713 1868 saepe
739 1789 904 1861 monent,
933 1789 967 1846 et
990 1776 1034 1844 ad
1059 1773 1218 1843 officium
1271 1767 1321 1842 tlt
1343 1793 1424 1842 curn
1442 1772 1537 1842 lilius
1551 1771 1638 1855 Dei,
1661 1774 1830 1846 dominns
1844 1787 1965 1846 noster
1981 1770 2078 1846 lesus
2094 1770 2271 1864 Christus,

225 1879 391 1954 Rectoris
417 1880 588 1972 pertinet,
623 1881 709 1952 tales
733 1879 1092 1950 commonefactiones
1115 1875 1219 1946 vobis
1272 1875 1457 1945 crucifixus
1486 1899 1552 1968 pro
1580 1876 1685 1946 nobis
1709 1891 1744 1951 et
1766 1876 2012 1961 resuscitatus,
2052 1880 2262 1969 promiserit,

226 2007 444 2076 proponere,
470 2008 558 2078 quas
573 2007 675 2074 spero
692 1983 787 2051 sanis
803 1996 837 2051 et
858 1981 1087 2051 mediocriter
1101 2003 1219 2050 mora·
1272 1999 1309 2046 se
1336 1999 1474 2068 semper
1501 1980 1709 2052 adiuturum
1733 1975 1914 2052 Ecclesiae
1937 1981 2123 2052 invocanti
2146 1983 2265 2074 ipson,

226 2087 271 2157 tis
298 2101 414 2178 gratas
437 2109 520 2156 esse.
572 2083 690 2155 Deum
714 2099 830 2154 autem
856 2097 1040 2154 aeternnm
1065 2107 1147 2167 oro,
1179 2095 1219 2152 ut
1272 2103 1357 2161 oro,
1388 2095 1429 2152 ut
1449 2080 1525 2172 ipse
1549 2075 1634 2154 huic
1657 2084 1752 2175 parti
1773 2079 1972 2170 Ecclesiae,
1996 2084 2134 2158 scilicet
2158 2087 2268 2158 coetui

226 2191 301 2282 ipse
324 2201 472 2282 propter
497 2185 693 2258 Ecclesiam
716 2207 782 2256 nos
812 2209 936 2256 omnes
957 2188 1151 2276 gubernet,
1185 2198 1219 2254 et
1273 2177 1483 2252 scholastico
1503 2183 1662 2270 intersit,
1689 2197 1724 2256 et
1746 2198 1782 2255 te
1804 2199 1839 2256 et
1861 2209 1928 2258 nos
1945 2190 2269 2278 omncsgubernet,

225 2315 291 2362 nos
307 2316 390 2363 vasa
407 2290 670 2360 misericordiae
685 2289 802 2362 faciat.
853 2280 949 2362 Dixi.
1273 2284 1345 2352 imo
1361 2298 1401 2354 ut
1419 2285 1494 2376 ipse
1510 2310 1575 2378 per
1592 2311 1666 2358 sese
1680 2289 1727 2358 sit
1740 2285 1875 2360 Rector
1888 2304 2030 2360 nostrae
2045 2285 2270 2377 Academiae,

1273 2385 1362 2456 sicut
1385 2409 1468 2456 vere
1489 2403 1541 2460 est
1555 2387 1721 2460 Pontifex
1740 2406 1774 2462 et
1788 2405 1893 2484 caput
1906 2387 2089 2462 Ecclesiae
2106 2419 2212 2480 suae,
2237 2409 2268 2466 et

182 2538 187 2547 ,
205 2493 206 2500 ’
225 2537 812 2558 mm
1272 2503 1387 2560 servet
1402 2491 1519 2562 studia
1534 2493 1728 2580 doctrinae,
1754 2517 1938 2588 perquam
1955 2495 2270 2582 celebraturDeus,

764 2655 778 2671 s
1272 2604 1308 2662 et
1336 2616 1420 2664 vera
1450 2593 1627 2666 invocatio
1656 2610 1691 2667 et
1718 2596 1833 2666 officia
1855 2593 1933 2668 Deo
1962 2611 2064 2688 grata
2086 2603 2266 2673 docentur.

246 2733 388 2808 noea.
998 2738 1219 2807 tamtum.
1271 2691 1367 2766 ⁰¹1¹·

235 2832 408 2859 w
1000 2831 1213 2870 m

1276 2941 1664 2954 q-——m-...b-„fl
1674 2947 1896 2960 ⁴-mm

317 2953 350 3006 In
372 2949 534 3024 Quaestion.
546 2949 580 3003 ab
595 2946 776 3004 Eberoeditis
795 2963 824 3016 p.
843 2943 916 3001 ttab
934 2965 976 3020 sq.

364 3133 495 3202 Oratio
522 3133 564 3201 itt
591 3129 876 3199 renunciatione
900 3129 1079 3199 Rectoris.
1281 3103 1447 3230 Q
1468 3144 1496 3200 ο
2013 3112 2018 3122 '
2097 3143 2150 3184 au.
2168 3121 2263 3188 1548.

2091 3209 2268 3241 Μ

228 3269 340 3374 Quod
373 3282 527 3352 faustum
564 3292 600 3348 et
621 3277 728 3346 foelix
755 3277 821 3362 sit,
855 3277 987 3348 electus
1011 3291 1063 3348 est
1084 3275 1218 3351 Rector
1286 3317 1293 3323 ·

227 3384 459 3466 Academiae,
488 3382 545 3452 vir
558 3384 684 3452 doctus
708 3392 742 3448 et
758 3375 949 3465 honestus,
975 3383 1068 3452 etde
1083 3383 1217 3467 multis,

228 3511 319 3582 quos
339 3487 491 3556 fideliter
515 3481 691 3567 erudivit,
725 3482 816 3552 bene
842 3483 1010 3568 meritus,
1045 3482 1218 3573 Magister
1272 3518 1496 3588 gratiarum
1530 3521 1642 3588 amo,
1702 3517 1802 3593 Pltt'l.
1840 3517 1936 3596 Meg·
1965 3529 2160 3623 Maffim
2204 3537 2276 3602 [ο.

227 3584 421 3666 Iohannes
437 3581 652 3706 Marcellus
665 3578 1046 3705 liegiomontanus*).
1098 3585 1217 3658 Huius
1280 3618 1427 3692 pumm-
1451 3617 1665 3692 Moggm
1690 3629 1939 3720 praescripsit
1960 3628 2071 3705 1548·
2098 3629 2261 3708 7.de

228 3693 435 3766 electionem
456 3693 557 3760 vobrs
577 3687 720 3782 publrce
739 3712 926 3762 renuncro.
978 3687 1116 3762 Multae
1134 3704 1217 3761 sunt
1340 3755 1342 3762 Α

228 3799 325 3866 enirn
346 3817 487 3874 causae,
515 3792 701 3862 curtalem
723 3791 1030 3864 renunciationem
1051 3793 1128 3862 lieri
1150 3819 1218 3886 pu·
1269 3797 1354 3880 Etsi
1379 3809 1536 3898 gaudeo,
1570 3802 1634 3878 hag
1659 3824 1775 3901 pm,
1799 3813 1941 3886 dicendi
1967 3813 2059 3888 mihi
2082 3824 2277 3896 attributas

226 3899 318 3970 blice
343 3899 472 3966 demi·
524 3892 597 3964 V⁰⁸
616 3916 756 3964 ¹¹⁸⁰²⁵³²
780 3907 833 3964 ²⁸²
852 3895 961 3979 wiser
986 3895 1044 3964 ⁰¹¹5
1070 3899 1217 3966 ¹1¹³ndfl·
1269 3934 1361 3998 esse,
1387 3911 1426 3980 in
1450 3911 1582 4003 quibus
1603 3935 1741 3982 summa
1764 3929 1815 3984 est
1838 3916 1914 3990 laus
1936 3921 2064 4007 officii,
2094 3903 2278 4012 videlicet,

228 4017 288 4074 tur
300 3999 550 4090 Magistratus,
576 4011 610 4068 et
623 3997 712 4066 utile
728 4010 797 4081 est,
824 4021 879 4066 me
896 4010 929 4066 et
943 3995 1114 4068 Senatum
1124 3995 1217 4070 Aca·
1269 4028 1309 4085 ut
1330 4035 1431 4104 agam
1455 4013 1584 4104 gratias
1599 4011 1676 4084 Deo
1697 4030 1731 4086 et
1752 4016 1815 4100 iis,
1841 4021 1903 4112 qui
1924 4023 2042 4096 studia
2065 4041 2192 4098 nostra
2213 4034 2280 4101 gd.

206 4105 367 4194 ,demine
389 4103 504 4193 palam
533 4099 709 4192 profiteri,
747 4121 813 4170 nos
834 4100 1017 4170 communi
1043 4125 1218 4174 consensu
1270 4117 1452 4188 iuverunt:
1487 4128 1607 4185 tamen
1637 4117 1762 4204 doleo,
1795 4143 1852 4190 me
1881 4126 2046 4197 oratione
2069 4151 2150 4199 non
2173 4157 2279 4224 posse

228 4205 314 4280 huic
330 4203 579 4294 Mddlsslffllum
596 4203 802 4285 mandam,
828 4214 863 4272 ‘l
877 4201 1036 4272 studium
1059 4217 1093 4273 el
1112 4219 1218 4275 aulo·
1269 4219 1354 4288 satis
1374 4219 1555 4288 declarare
1578 4231 1742 4289 nostrum
1765 4221 1938 4295 iudicium
1956 4229 2000 4298 de
2016 4225 2074 4300 his
2091 4231 2280 4307 beneficiis

228 4313 371 4382 ritatem
383 4310 425 4378 ad
439 4331 518 4378 cum
531 4305 741 4388 iuvandum,
760 4305 1218 4397 ettuendamdisciplinam,
1270 4335 1305 4394 et
1331 4323 1499 4414 pietatem
1530 4344 1611 4410 erga
1642 4339 1896 4414 praeceptores.
1966 4328 2097 4422 lngens
2120 4341 2279 4409 omnino

230 4414 422 4485 collaturos
455 4433 540 4478 esse.
597 4405 840 4499 Praecipimus
870 4421 989 4477 autem
1017 4409 1139 4491 vobis,
1178 4426 1219 4482 ut
1269 4421 1338 4494 Dei
1360 4424 1571 4494 beneficium
1595 4437 1664 4507 est,
1691 4427 1785 4518 quod
1807 4451 1881 4498 non
1898 4431 2015 4502 solum
2031 4439 2202 4511 condidit
2217 4466 2279 4532 ge-

229 4527 435 4588 reverenter
458 4507 543 4582 huic
563 4506 712 4582 Rectori
726 4505 940 4580 Academiae
959 4523 1101 4581 nostrae
1115 4515 1218 4583 dein·
1271 4551 1338 4597 nus
1359 4521 1577 4606 humanum,
1604 4528 1666 4596 sed
1686 4550 1723 4596 se
1745 4530 1852 4600 etiam
1875 4535 2055 4622 patelerit,
2083 4564 2125 4608 oc
2139 4546 2277 4616 tradita

230 4641 310 4710 ceps
333 4613 602 4706 obtemperetis,
631 4625 778 4704 propter
801 4614 1009 4682 mandatum
1043 4615 1218 4702 divinum,
1268 4629 1433 4700 doctrina
1449 4621 1689 4699 ministerium
1709 4629 1882 4720 instituit,
1907 4663 1978 4730 quo
1995 4640 2074 4712 vult
2091 4667 2170 4714 earn
2190 4671 2280 4737 pro·

232 4723 328 4816 quod
344 4716 477 4788 Paulus
488 4712 682 4808 Apostolus
698 4709 755 4783 his
771 4715 889 4786 verbis
903 4716 1045 4788 recitat:
1070 4715 1219 4789 Necesse
1271 4732 1406 4824 pagati.
1462 4719 1544 4800 Non
1576 4730 1685 4820 igitur
1714 4735 1829 4804 maius
1859 4738 2068 4812 beneficium
2104 4739 2278 4820 homines

230 4839 283 4895 est
298 4821 463 4904 obedire,
480 4843 553 4888 non
568 4817 684 4887 solum
700 4831 846 4910 propter
862 4818 970 4900 iram,
994 4819 1032 4888 id
1051 4833 1118 4906 est,
1133 4845 1219 4913 pro-
1271 4831 1481 4906 hominibus
1514 4833 1698 4924 impertire
1727 4852 1895 4926 possunt,
1943 4867 2050 4936 quam
2084 4849 2278 4922 doctrinae

231 4943 309 5019 pter
342 4945 493 5016 poenas,
534 4921 595 4992 sed
630 4919 735 4990 etiarn
772 4933 919 5012 propter
952 4923 1219 4999 conscientiam.
1271 4937 1651 5020 communicationem,
1690 4937 1825 5033 inqua
1857 4941 1977 5014 lideles
2000 4948 2168 5020 doctores
2192 4979 2279 5024 vere

230 5028 328 5100 Haec
358 5027 466 5094 verba
494 5023 631 5114 infigite
660 5022 798 5093 intimis
828 5023 990 5094 sensibus
1023 5039 1217 5114 pectorum.
1270 5053 1356 5110 sunt
1379 5030 1554 5136 odvopyoe
1576 5037 1690 5126 θεοῦ,
1718 5046 1820 5112 etad
1842 5039 1958 5116 Deum
1983 5051 2170 5123 auditores
2196 5081 2276 5128 non

232 5127 333 5206 Nihil
356 5129 451 5198 enim
477 5125 546 5196 dici
562 5125 703 5216 gravius
719 5139 834 5214 potest
856 5128 900 5196 ad
916 5127 1145 5197 sanciendam
1161 5130 1219 5200 di·
1272 5157 1496 5212 contumaces
1517 5141 1713 5214 adducunt,
1768 5143 2122 5241 [mopmpemodum
2137 5169 2181 5227 ut
2199 5161 2278 5232 soe·

231 5233 437 5327 sciplinam‚
464 5230 565 5300 etad
587 5227 821 5300 muniendum
843 5229 1008 5300 ordinem
1023 5231 1220 5322 politicum,
1271 5258 1329 5315 tus
1350 5243 1388 5310 in
1412 5244 1493 5314 alvo
1516 5257 1679 5314 materno
1702 5261 1863 5320 servatur
1884 5264 1919 5320 et
1941 5277 2005 5344 pe,
2027 5257 2278 5350 cotyledone&

229 5396 417 5414 ----
1273 5361 1441 5439 tanquam
1459 5369 1521 5436 per
1536 5347 1697 5429 canales,
1724 5349 1833 5422 alitur
1848 5345 1939 5424 lacte
1954 5369 2136 5430 materno:
2164 5365 2220 5434 sic
2237 5365 2278 5436 in

264 5479 294 5551 t)
314 5475 454 5533 tullense
468 5473 553 5533 asad.
567 5471 723 5529 electeus
738 5473 765 5528 d.
781 5471 882 5528 tttstt
898 5470 975 5527 teto.
1272 5449 1352 5520 alvo
1367 5445 1563 5530 Ecclesiae,
1591 5449 1627 5520 id
1652 5463 1723 5536 est,
1751 5452 1789 5522 in
1806 5455 1942 5547 gremio
1958 5459 2169 5547 doctorum,
2198 5490 2278 5538 ser-

1340 3339 1406 3409 †Ex
1417 3359 1512 3414 apogr.
1529 3339 1599 3398 cot.
1613 3339 1697 3402 Gotb.
1711 3341 1765 3399 No.
1775 3343 1819 3400 25.
1830 3345 1858 3400 in
1872 3347 1898 3404 d.
1918 3363 1946 3418 p.
1963 3348 2034 3408 tob.
