4666 6170
67 277 124 350 sot
431 260 686 354 semera
718 260 1024 349 AD'VITAM
1052 267 1127 344 ET
1160 259 1395 348 oss'l'TtJM
1428 262 1735 346 Metaurus
2028 267 2105 348 608

157 447 292 522 Docuit
315 461 433 520 autem
462 449 502 520 in
528 445 648 522 schola
671 435 919 541 Vitebergensi
950 444 1055 516 annis
1087 431 1219 530 Dum,
1255 440 1318 538 qui
1345 435 1555 543 Philippum
1589 461 1857 539 praeceptorem
1883 467 1991 516 emim
2011 457 2102 515 mon

65 549 156 626 XLll
176 577 251 622 non
266 551 550 647 unamaliquam
565 555 682 625 solum
700 566 834 638 artem,
859 553 920 622 scd
933 549 1055 620 omni·
1106 561 1291 638 agnoscat,
1323 549 1505 640 stupidum
1529 563 1563 621 et
1585 551 1755 624 stolidum
1778 543 2036 628 esseasinum,
2068 561 2103 617 ct

66 681 108 728 no
131 679 274 740 omnes,
306 657 398 726 sicut
423 656 586 726 omnium
612 658 749 750 peritus
778 667 871 742 crat,
904 651 1056 743 singulis
1107 651 1284 737 beanum,
1310 652 1372 744 qui
1386 651 1567 743 opinione,
1593 668 1628 724 et
1644 653 1771 724 fiducia
1786 652 1923 742 ingenii
1939 650 1994 720 sui
2009 647 2102 720 lera-

66 761 184 830 diebus
203 760 307 828 binas
322 753 446 843 horas,
472 759 600 830 ordine
616 783 678 854 per
695 773 807 842 totam
821 756 1054 850 septimanam
1107 766 1185 840 tur,
1208 766 1242 824 et
1263 767 1436 844 regatur.¹
1467 753 1558 826 Nam
1582 757 1753 850 quicquid
1779 779 1930 850 usquam
1954 753 1992 822 iu
2015 753 2101 822 arti-

66 861 273 934 lectionibus
286 861 509 948 distributis,
535 864 636 934 utilia
659 885 864 956 proponens
879 858 1056 930 auditori·
1106 855 1174 925 bus
1197 869 1231 926 et
1254 881 1336 926 vera
1359 853 1587 950 philosophia
1610 860 1780 939 sciamus,
1809 853 1875 928 hoc
1891 849 2102 948 Philippum

65 967 140 1036 bus:
168 963 304 1034 Verum
327 967 509 1034 communi
529 961 728 1054 Ecclesiae,
754 979 789 1035 et
809 959 1055 1056 Reipubuti·
1106 973 1294 1051 praestare.
1346 957 1472 1030 Titulo
1495 962 1639 1056 quidem
1663 957 1811 1047 humili,
1837 959 2003 1050 Magistri
2028 979 2103 1028 esse

65 1068 150 1140 litati
173 1067 389 1152 inserviens,
424 1079 635 1162 tantumque
656 1069 819 1140 docendo
842 1065 993 1160 profecit
1014 1063 1054 1132 in
1105 1063 1334 1152 insignitum,
1360 1066 1419 1132 sed
1439 1065 1546 1156 longe
1563 1065 1732 1135 excellere
1747 1060 2102 1135 omnibusDoctori-

66 1171 248 1254 omuibus,
282 1184 456 1264 quantum
482 1171 543 1239 vix
566 1173 653 1242 alias
678 1172 811 1262 singuli
834 1169 1055 1240 Professores
1106 1167 1183 1236 bus.
1235 1165 1308 1235 Nec
1331 1189 1534 1260 quenquam
1559 1191 1633 1237 esse
1655 1168 1693 1236 in
1715 1168 1819 1238 terris
1836 1166 1909 1238 suis
1926 1164 2101 1256 tempori·

67 1277 101 1344 in
113 1274 265 1364 singulis
279 1274 435 1359 artibus,
462 1269 567 1344 Unde
581 1275 754 1345 divinitus
769 1272 977 1351 excitatum,
1000 1271 1055 1338 ia·
1106 1269 1172 1338 bus
1186 1267 1225 1336 in
1239 1290 1303 1338 suo
1319 1291 1447 1358 genere
1463 1271 1627 1357 suasore,
1652 1271 1784 1344 talibus
1800 1269 1906 1340 donis
1920 1283 2100 1340 ornatum

65 1379 125 1448 cile
145 1391 198 1448 est
224 1377 358 1451 videre.
410 1373 615 1468 Discipulos
639 1371 785 1459 habuit,
818 1389 854 1446 et
873 1375 1054 1446 auditores
1107 1368 1192 1439 ldeo
1209 1371 1546 1462 magnifaciendnm.
1580 1371 1655 1464 Qui
1670 1397 1755 1444 vero
1771 1369 1869 1443 hunc
1881 1371 1998 1440 virum
2014 1391 2101 1439 cona

65 1481 206 1572 siugulis
221 1479 446 1569 temporibus
460 1479 670 1574 plerumque
687 1481 742 1550 bis
763 1479 882 1566 mille,
909 1491 944 1549 et
961 1478 1056 1548 inter
1106 1485 1261 1554 temnat,
1293 1499 1374 1544 eum
1405 1477 1511 1545 etiarn
1539 1501 1658 1548 coram
1678 1479 1759 1550 Deo
1785 1478 1863 1548 fore
1894 1469 2101 1564 ignobilem'.

64 1581 122 1654 bos
141 1579 350 1674 Principes,
370 1579 546 1668 Comites,
572 1581 731 1653 Berones
758 1607 800 1654 ac
822 1581 960 1676 generis
986 1603 1055 1648 no·
1105 1573 1287 1648 Hactenus
1305 1571 1497 1652 Lutherus.

63 1689 194 1760 ΝΜ
216 1697 437 1780 memma
453 1686 640 1780 Plunm⁰⁵'
1207 1761 1339 1854 Magna
1355 1777 1441 1834 sunt
1457 1759 1544 1835 haec
1558 1765 1688 1852 fateor,
1714 1765 1933 1838 ornatissimi
1948 1758 2102 1838 Andiros

157 1887 220 1962 Ad
255 1888 382 1962 Titum
413 1888 559 1962 Livium
593 1893 639 1964 gg
670 1893 808 1966 uffimf,
840 1889 1055 1984 Hispaniae,
1105 1889 1180 1948 res,
1206 1891 1296 1959 quae
1319 1859 1491 1938 hactenus
1513 1869 1557 1937 de
1577 1863 1685 1939 huius
1703 1871 1773 1938 viri
1791 1870 1939 1954 studiis,
1965 1865 2102 1944 laboris

63 1993 333 2087 Galliarumque
359 1994 508 2080 finibus,
543 2001 716 2090 quosdam
740 1997 877 2067 venisse
898 1993 1053 2066 Romam
1105 1971 1192 2055 bus,
1224 1970 1382 2060 scriptis,
1408 1983 1445 2042 et
1470 1971 1607 2040 meritis
1636 1971 1676 2041 in
1702 1970 1884 2064 Rempub.
1906 1969 2102 2042 literarium

58 2099 217 2190 legimus.
276 2091 495 2192 Pythagoras
519 2097 775 2192 Memphiticos
803 2113 918 2184 vates,
950 2095 1052 2166 Plato
1104 2072 1246 2143 ³³⁰¹)ss
1260 2085 1344 2143 ⁵¹¹¹st
1360 2087 1654 2161 ²0fflm⁰ffl⁰r³l³2
1679 2088 1714 2145 el
1727 2075 1961 2147 ³11ffiti²l²³¹¹b

56 2203 280 2295 Aegyptum,
308 2214 343 2271 ct
358 2194 543 2271 Architam
560 2202 798 2275 Tarentinum
816 2203 944 2273 adiisse
967 2197 1055 2268 scri·
1105 2221 1109 2226 ’

55 2303 176 2374 bitur:
210 2298 267 2374 Ad
291 2297 389 2372 bunc
412 2326 497 2373 vero
523 2321 685 2378 nostrum
705 2305 944 2384 audiendum,
978 2323 1053 2370 non

53 2432 159 2499 ΡΜ
174 2407 335 2501 ‘summ’
361 2429 427 2476 ⁰⁰⁰
442 2429 482 2476 εχ
498 2431 582 2495 una'
607 2423 670 2482 aut
687 2411 796 2482 allen
810 2429 968 2499 προῖκ’
992 2405 1054 2474 sed
1103 2467 1202 2536 nitus
1231 2482 1320 2536 esset
1342 2466 1533 2550 excitatus,
1566 2480 1601 2537 et
1622 2465 1903 2557 Witenbergam
1928 2479 2102 2536 evocatus.

56 2535 95 2580 es
119 2499 293 2580 omnibus
315 2505 644 2582 Germaniae'oris:
676 2509 725 2584 Et
750 2512 838 2606 quid
862 2511 943 2580 dico
960 2505 1054 2578 Ger·
1501 2569 1509 2585 .
1860 2571 1868 2585 .

57 2615 217 2699 maniae,
241 2609 318 2682 lmo
334 2635 375 2682 ex
391 2613 558 2684 omnibus
577 2617 835 2708 propemodum
851 2612 961 2684 totius
976 2607 1054 2680 Eu·
1105 2567 1213 2687 Qu⁰fl
1228 2565 1462 2688 Rev‘fendus
1475 2565 1595 2687 ver,
1607 2566 1742 2687 D⁰⁰l⁰f
1758 2568 1940 2640 Marlmus
1953 2559 2102 2688 ΜΨ

56 2740 160 2808 ropac
196 2713 393 2806 provinciis
427 2731 462 2787 et
496 2719 633 2806 regnis,
667 2742 709 2788 ex
737 2715 876 2802 Gallia,
911 2709 1053 2804 Ληθὼ,
1105 2694 1169 2792 rus
1192 2671 1387 2756 rntellexrt,
1419 2693 1486 2740 nec
1510 2671 1766 2752 drssrmulavrt,
1801 2695 1930 2762 nempe
1959 2684 1999 2744 ut
2026 2694 2102 2762 rpse

58 2817 261 2910 hungaria,
288 2815 588 2913 Transsylvgnia‚
620 2819 788 2907 polonia,
815 2818 954 2904 Dania’
980 2814 1054 2886 Bo·
1103 2787 1321 2846 instaurator
1342 2773 1564 2858 sincerioris,
1590 2774 1944 2865 etvcraereligionis
1963 2774 2100 2845 socium

58 2915 193 3004 benaia,
221 2935 258 2992 et
274 2943 315 2990 cx
333 2919 432 2990 ltalia
450 2945 593 3018 quoque
617 2923 711 3016 ipsa,
739 2922 816 2996 lmo
835 2947 877 2992 cx
893 2919 1054 3004 Graecia,
1272 2979 1281 2996 ‚

64 3021 147 3096 ieme
181 3021 344 3096 nominis
370 3024 482 3116 ipsius
515 3027 672 3114 excitati,
708 3025 857 3120 plurimi
884 3025 1053 3097 omnibus
1105 2973 1475 3070 Th²⁰l⁰3¹³h³b⁶'⁰l·

62 3129 280 3222 te¹¹¹P⁰¹lb¹¹⁸
294 3125 574 3218 Wllffll’flfgaffl
593 3130 855 3201 ⁶⁰¹¹flu¹²f¹¹¹¹b
1206 3149 1299 3221 Nam
1321 3151 1370 3221 D.
1394 3145 1584 3244 Philippus
1608 3149 1844 3246 Methodum,
1885 3179 1955 3250 qua
1985 3151 2102 3236 initia,

287 3327 333 3348 „
458 3330 511 3348 ,,
581 3331 591 3349 ,
632 3331 642 3348 ‚
888 3330 897 3350 ,
986 3327 995 3347 ,
1104 3277 1329 3347 progressus,
1361 3265 1396 3324 et
1417 3253 1505 3324 fines
1527 3279 1646 3326 rerum
1665 3259 1900 3348 indagantur,
1932 3268 1968 3328 et
1989 3278 2102 3346 genus

140 3329 261 3452 ,ΟΜ
285 3343 395 3450 ’ΒΨ
419 3331 812 3452 mdl¹⁸,d¹⁵⁰¹‚l’⁰l⁰¹'¹¹m
833 3343 943 3452 ΨΜ
960 3342 1053 3400 ”²³²
1104 3357 1248 3427 dicendi
1264 3355 1479 3446 elegantius,
1508 3372 1661 3441 tersum,
1686 3361 1807 3447 facile,
1834 3360 2040 3454 proprium,
2067 3371 2101 3428 et

61 3433 238 3506 eumculo
260 3427 426 3553 habnrsse
450 3435 748 3554 existimabimus,
780 3459 843 3529 qur
865 3457 946 3504 cum
970 3457 1054 3525 pro·
1104 3483 1296 3530 nervosum
1324 3454 1501 3535 adhibuit.
1561 3459 1658 3532 Hinc
1684 3463 1816 3534 sactum
1843 3475 1918 3549 est,
1953 3475 1994 3532 ut
2019 3483 2099 3530 cum

61 3539 218 3610 litantem
245 3537 434 3618 audivere,
470 3551 505 3608 et
534 3550 625 3628 grata
652 3553 917 3630 praeceptorem
948 3559 1052 3607 suum
1103 3587 1234 3656 magno
1257 3564 1420 3632 omnium
1448 3565 1622 3655 applausu
1648 3567 1777 3658 scripta
1806 3569 1918 3660 ipsius
1943 3565 2015 3634 sim
2039 3588 2101 3632 ex·

62 3651 277 3732 ³b⁰⁰³⁰¹¹¹¹l²
304 3639 459 3734 indeque
488 3640 527 3708 5¹¹
560 3640 676 3710 lathi
703 3641 865 3732 fedl⁰¹¹⁰³
890 3637 1054 3732 dl⁸Pfflla
1104 3681 1214 3758 cepta,
1241 3679 1273 3734 ct
1287 3665 1411 3754 religio
1429 3687 1532 3751 vcra,
1553 3667 1658 3738 ctiam
1675 3671 1721 3738 ad
1736 3685 1872 3742 exteros
1888 3681 1952 3762 ptr
1969 3665 2100 3758 scripta
2165 3711 2169 3721 ·

59 3767 196 3920 proppepl
216 3765 305 3915 (Ἧι
332 3741 407 3814 illic
439 3755 751 3836 comparaverunt,
785 3757 985 3837 exponunt,
1020 3757 1055 3814 ct
1106 3767 1427 3862 etperdiscipulos
1448 3769 1716 3864 sitpropaggta,

83 3871 112 3918 rs
148 3871 167 3918 a
198 3869 248 3917 un

1208 2258 1279 2332 Sed
1306 2273 1439 2332 restant
1463 2261 1534 2330 alia
1556 2231 1706 2333 maiora.
1757 2257 1841 2332 Non
1866 2261 1963 2330 enim
1987 2260 2027 2328 in
2044 2255 2102 2330 his

1105 2363 1234 2434 studiis
1259 2365 1434 2448 substitit,
1469 2387 1549 2434 curn
1574 2365 1647 2436 alio
1671 2389 1815 2458 quoque
1838 2362 1989 2434 consilio
2007 2363 2102 2432 divi-

1207 3953 1328 4046 Quare
1345 3979 1421 4023 non
1439 3957 1547 4026 modo
1564 3957 1609 4026 de
1630 3957 1767 4028 mortui
1788 3956 1955 4028 laudibus
1976 3955 2014 4024 in
2033 3951 2099 4026 hac

161 4051 282 4142 Quid,
310 4052 534 4143 quodetiam
556 4051 769 4134 adversarii,
796 4051 857 4148 qui
879 4051 1054 4124 diversam
1105 4055 1275 4132 historiae
1298 4057 1505 4130 recitatione
1529 4060 1738 4150 cogitemus:
1765 4061 1825 4130 sed
1850 4059 1963 4130 multo
1987 4059 2099 4149 magis

56 4157 198 4250 abipso
212 4153 438 4244 Religionem
456 4155 595 4242 colunt,
622 4169 741 4227 tamen
766 4155 919 4228 lectione
942 4157 1055 4228 libro·
1104 4163 1288 4244 doctrinae
1311 4183 1439 4252 genus,
1473 4163 1568 4254 quod
1591 4163 1769 4255 professus
1792 4177 1862 4246 est,
1895 4160 2099 4231 considere-

55 4281 137 4328 rum
164 4257 278 4350 ipsius
298 4257 543 4328 delectantur?
574 4259 695 4350 magni
722 4259 961 4332 cruditionem
985 4261 1054 4330 viri
1104 4289 1204 4350 mus,
1229 4289 1319 4358 quae
1342 4277 1393 4335 est
1413 4264 1523 4334 altera
1545 4289 1626 4356 pars
1643 4279 1784 4335 nostrae
1801 4259 2014 4335 Orationis·
2049 4260 2099 4334 Et

57 4361 214 4444 iaciunt,
247 4359 480 4447 industriam,
513 4373 548 4433 et
569 4361 813 4433 dexteritatem
835 4363 875 4432 in
892 4365 1053 4436 docendo
1104 4367 1149 4435 de
1171 4367 1381 4436 admiranda
1403 4363 1583 4437 Ecclesiae
1613 4369 1869 4458 gubernatione
1891 4389 2097 4437 commone-

59 4462 327 4534 admiranturi·
1104 4469 1245 4538 bamus:
1286 4467 1394 4558 Quod
1426 4468 1521 4540 filius
1557 4468 1639 4556 Dei,
1677 4473 1803 4541 sedens
1838 4473 1883 4540 ad
1917 4471 2097 4540 dexteram

1104 4571 1238 4642 aeterni
1262 4571 1392 4662 patris,
1427 4573 1521 4642 dona
1546 4575 1608 4644 dat
1629 4569 1853 4658 hominibus,
1887 4565 2098 4663 Prophetas,

161 4661 211 4736 Et
224 4665 264 4734 in
281 4675 354 4736 tota
369 4661 563 4738 Germania
578 4689 702 4737 omncs
716 4663 922 4756 cathedrae,
948 4665 1053 4741 scho-
1104 4687 1138 4744 et
1152 4671 1325 4744 Doctores
1341 4673 1489 4742 idoneos
1505 4677 1658 4746 subinde
1679 4677 1853 4762 excitans,
1877 4675 1941 4769 qui
1963 4675 2098 4742 doctri-

58 4769 123 4856 lae,
142 4783 177 4840 et
189 4767 339 4860 pulpita,
353 4767 484 4862 scripta
499 4769 611 4862 ipsius
627 4785 768 4857 sonant,
787 4766 874 4844 hacc
889 4774 1053 4846 omnium
1104 4799 1187 4848 nam
1212 4777 1416 4860 coelestem,
1450 4775 1626 4866 figmentis
1653 4773 1840 4850 hominnm
1863 4780 2098 4862 obscuratam,

56 4872 244 4956 manibus,
268 4883 339 4940 tarn
356 4895 563 4964 puerorum,
585 4897 692 4967 quam
706 4875 911 4946 adultorum
930 4891 1053 4950 terun—
1103 4879 1143 4949 in
1167 4880 1283 4950 lucem
1305 4877 1508 4972 proferant,
1542 4893 1673 4951 statum
1697 4877 1876 4952 Ecclesiae
1899 4879 2096 4971 collapsum

58 4987 137 5062 tur,
169 4973 268 5070 quod
297 4974 543 5046 testimonium
577 4989 628 5047 est
658 4977 987 5068 evidentissimum,
1020 4994 1054 5052 et
1104 4983 1321 5066 instaurent,
1369 4996 1403 5052 et
1436 4981 1646 5072 religionem
1682 4984 1909 5076 depravatam
1943 4981 2097 5074 pristino

63 5079 208 5148 minime
230 5075 354 5163 fallax,
387 5077 517 5172 scripta
544 5072 631 5149 haec
656 5077 960 5154 immortalitatem
989 5079 1055 5154 ba·
1104 5085 1214 5156 nitori
1229 5083 1434 5170 restituant,
1460 5109 1531 5178 quo
1546 5081 1624 5156 Deo
1642 5085 1832 5176 colligatur
1847 5110 1950 5171 voce,
1976 5099 2011 5156 ct
2027 5084 2098 5153 rni-

60 5177 189 5254 litora.
1104 5187 1251 5260 nisterio
1267 5185 1484 5271 docentium,
1509 5201 1630 5258 coetus
1644 5187 1787 5280 aliquis,
1809 5187 1926 5284 quiin
1942 5182 2008 5258 hac
2023 5187 2098 5256 vita

1104 5315 1186 5362 eurn
1209 5315 1250 5361 ex
1266 5289 1484 5384 praescripto
1502 5289 1602 5359 verbi
1618 5289 1675 5362 sui
1700 5303 1793 5362 recte
1822 5303 2008 5381 agnoscat,
2038 5289 2098 5357 in-

158 5383 304 5476 Qnibus
327 5385 436 5457 rebus
454 5397 591 5474 motus,
626 5385 683 5455 vir
704 5385 766 5457 ille
786 5383 854 5458 Dei
870 5387 1053 5464 Martinus
1103 5407 1222 5476 vocet,
1244 5408 1279 5466 et
1303 5391 1343 5462 in
1362 5387 1428 5462 bac
1450 5393 1646 5484 praesenti,
1672 5405 1707 5464 et
1723 5391 1762 5462 in
1776 5393 1898 5464 futura
1915 5391 1979 5462 ills
1993 5393 2097 5462 beata

57 5479 249 5560 botherus
290 5511 365 5561 non
398 5489 554 5562 absurde
592 5487 724 5562 dixisse
763 5485 856 5562 mibi
890 5492 1053 5567 videtur:
1101 5495 1195 5580 vita,
1221 5521 1303 5570 cum
1319 5495 1461 5584 sanctis,
1486 5508 1521 5570 et
1536 5495 1639 5568 castis
1654 5490 1802 5588 Angelis
1816 5507 1987 5590 perpetuo
2003 5493 2094 5566 cele-

1104 2878 1256 2962 laboris,
1282 2889 1317 2946 et
1333 2871 1472 2946 Thesea
1486 2875 1526 2946 in
1548 2875 1780 2964 illustranda,
1805 2877 2101 2970 etpromovenda
2200 2911 2204 2924 ·
