4652 6178
51 293 120 370 829
635 279 1057 378 QUAESTIONES
1094 275 1499 359 ACADEMICAE.
2014 279 2089 354 830

47 456 216 530 articulus
236 453 376 546 generis
397 451 605 538 foeminini,
629 468 671 526 ιιι
690 457 805 528 iaetus
822 455 1043 547 intelligatur
1093 473 1196 542 nam,
1221 469 1261 526 ιιι
1282 451 1412 524 Daniel
1432 454 1616 542 nominat,
1643 477 1752 552 quare
1774 447 1995 550 Redemptor
2019 475 2087 522 no-

48 584 120 632 rton
144 583 188 630 ex
210 557 308 629 virili
329 555 464 628 semine
484 571 602 644 ortus,
627 560 688 630 sed
711 583 752 630 ex
774 571 886 630 matre
903 559 1041 650 virgine
1092 551 1391 631 mineturSiloh?

47 677 172 750 natus,
203 661 295 734 sicut
314 661 444 732 diserte
464 658 601 732 dictum
624 675 691 734 est:
716 659 848 733 Samen
867 661 1040 736 mulieris.

47 765 145 836 llaec
167 789 244 836 non
265 788 285 836 a
308 763 415 834 nobis
436 763 583 834 conficta
606 777 658 837 est
680 765 945 856 interpretatio,
978 765 1039 834 sed

47 863 157 940 habet
177 881 318 940 autores
341 878 476 938 veteres
492 863 661 942 Ebraeos.
711 863 805 938 Cum
824 879 943 938 autem
965 866 1041 936 loe-

1194 712 1333 784 Harum
1349 727 1528 786 tantarum
1542 735 1662 785 rerum
1674 709 1901 804 explicationi
1912 709 1980 780 alia
1991 721 2083 780 tem·

1092 839 1179 906 pora
1208 817 1399 888 tribuenda
1427 829 1521 890 sunt.
1587 815 1692 886 Nunc
1718 827 1856 885 tantum
1879 830 2084 884 commone-

1090 919 1280 988 iactionem
1313 921 1468 991 recitabo
1498 921 1542 990 de
1572 917 1824 1009 depravatione
1853 909 1961 986 huius
1985 913 2084 998 dieti,

1092 1045 1182 1113 quae
1217 1015 1415 1091 horrendos
1452 1025 1590 1092 lurores
1626 1023 1722 1112 apud
1755 1016 1903 1088 ludaeos
1935 1015 2082 1109 peperit.

1090 1121 1183 1194 Cum
1206 1137 1276 1193 tam
1295 1149 1408 1194 arrrros
1425 1125 1601 1214 sexaginta
1618 1127 1663 1192 ab
1678 1121 1814 1191 excidio
1832 1133 2007 1210 postremo
2025 1115 2082 1186 le·

1090 1225 1307 1320 rosolymae,
1328 1228 1473 1297 urbium
1491 1229 1644 1310 cineres,
1669 1238 1703 1295 ει
1719 1225 1847 1294 rudera
1863 1217 1926 1294 καὶ
1941 1215 2081 1315 ἐρείπια

1090 1327 1332 1398 ιεειίιιιοιιίιιιιι
1347 1329 1519 1414 dicerent,
1543 1329 1649 1397 linem
1665 1349 1737 1396 esse
1751 1325 1895 1416 politiae
1910 1321 2083 1406 ludaicae,

1091 1443 1126 1500 et
1149 1429 1280 1500 scirent
1307 1428 1425 1500 ludaei
1450 1429 1632 1520 llaggenm
1660 1427 1889 1521 praedixisse,
1923 1423 2081 1498 Redem-

1091 1549 1227 1624 ptorem
1259 1532 1295 1602 in
1325 1533 1387 1602 illo
1417 1534 1494 1625 ipso
1522 1533 1653 1622 templo
1678 1529 1972 1600 concionaturum
1997 1549 2082 1610 esse,

1091 1637 1186 1728 quod
1220 1649 1299 1725 post
1326 1636 1480 1705 reditum
1503 1660 1545 1704 er
1568 1633 1752 1728 Babylone
1774 1645 1970 1702 ext-raretum
1995 1642 2081 1708 erat,

1091 1751 1125 1807 et
1149 1735 1253 1806 lacob
1283 1763 1322 1806 ac
1344 1735 1528 1806 Danielem
1560 1737 1793 1827 praedixisse,
1826 1745 1944 1826 postea
1972 1731 2081 1802 finem

1091 1839 1235 1932 politiae
1259 1837 1421 1910 ludaicae
1443 1841 1602 1910 futurum
1628 1861 1718 1920 esse,
1751 1852 1785 1906 rt
1807 1835 1970 1905 miranda
1990 1835 2081 1902 lacta

1091 1939 1345 2032 Apostolorum
1375 1956 1605 2026 testarentur,
1642 1939 1918 2028 Redemptorem
1942 1929 2083 2006 exhibi-

47 985 123 1044 tum
148 971 265 1040 dicere
286 967 413 1048 vellet,
439 962 524 1038 usus
537 981 588 1038 est
604 969 713 1040 verbo
728 969 947 1060 significante
964 969 1039 1060 pel·

45 1075 112 1144 lem
132 1073 288 1142 maxime
302 1070 483 1159 fragilem,
510 1083 551 1140 ut
567 1071 823 1160 significaretur
837 1072 953 1164 passio
969 1068 1039 1142 bu-

47 1177 99 1246 ius
121 1173 390 1268 Redemptoris.
442 1170 569 1260 Qualis
591 1173 756 1266 pellicula
782 1186 834 1244 εει
857 1173 951 1242 filins
971 1172 1039 1244 Dei

47 1281 179 1350 sudans
207 1275 415 1366 sanguinem
445 1275 484 1342 in
507 1297 639 1370 agone,
672 1289 706 1347 et
727 1276 857 1347 deinde
879 1279 1040 1369 pendens

46 1383 82 1451 in
98 1403 205 1452 cruce
222 1379 429 1448 vulneratus
443 1390 477 1445 ει
493 1375 690 1448 laceratus?
864 1373 871 1386 '

149 1480 246 1552 Haec
267 1481 394 1570 ingens
414 1478 603 1550 iufirmitas
624 1480 816 1570 significata
841 1491 913 1565 est,
949 1503 1040 1575 quae

46 1599 166 1658 tamen
182 1596 417 1667 sustentatur,
443 1581 526 1675 quia
542 1581 642 1652 unita
659 1597 710 1654 εει
724 1583 867 1654 divinae
883 1597 1040 1670 naturae,

46 1703 79 1760 et
95 1691 136 1758 in
152 1711 192 1757 ea
209 1684 307 1758 Dens
324 1695 375 1754 cst
392 1687 620 1777 σωματικῶς.

151 1788 396 1879 Adspicientes
420 1801 537 1857 autem
562 1799 595 1856 et
619 1780 712 1856 hanc
728 1785 916 1857 laceratam
934 1781 1039 1876 pelli-

46 1895 182 1979 culam,
208 1907 243 1962 et
263 1903 383 1982 postea
402 1913 443 1958 ex
460 1883 527 1958 hac
544 1887 733 1980 fragilitate
750 1889 975 1960 exuscitatam
993 1887 1038 1956 ad

47 2011 225 2067 aeternam
254 1992 424 2082 gloriam,
459 1993 504 2060 de
534 1991 640 2061 nobis
665 2015 809 2086 quoque
833 1990 1038 2082 cogitemus.

46 2096 122 2168 No,
137 2119 219 2166 ,ere
236 2109 268 2165 ει
284 2096 397 2186 reip„
411 2116 533 2163 ,umus
548 2093 690 2162 sordida
709 2107 744 2164 e,
758 2097 902 2163 cruenta·
913 2083 1039 2186 χόρια,
1090 2057 1167 2115 ιιιιιι
1181 2069 1272 2122 εεεε,
1295 2059 1412 2115 tamen
1429 2045 1466 2113 in
1484 2067 1610 2134 magna
1624 2043 1854 2112 multitudine
1868 2037 2082 2110 ludaeorum

46 2198 287 2270 contaminata
301 2209 461 2290 peccato,
488 2195 539 2264 rei
558 2195 701 2278 rnortis,
727 2195 870 2267 lacerati
887 2189 1040 2264 horren-

48 2303 107 2372 dis
121 2299 315 2372 doloribus.

155 2397 230 2470 Has
257 2399 414 2470 miserias
441 2413 483 2471 ιιι
510 2423 531 2470 a
559 2397 665 2470 nobis
689 2400 824 2471 auferat
844 2399 939 2470 filius
961 2393 1040 2484 Dei,

50 2503 200 2573 similem
231 2502 430 2596 pelliculam
460 2517 601 2574 nostrae
625 2503 724 2572 carni
747 2502 964 2592 adsumpsit,
1005 2513 1040 2569 ει

48 2629 115 2698 pro
142 2605 246 2674 nobis
276 2605 418 2674 victima
447 2606 561 2675 lactus
588 2617 662 2685 est,
693 2617 728 2674 ει
750 2603 833 2697 quia
857 2617 909 2673 cst
931 2593 1040 2698 λόγος

1091 2159 1187 2218 tanta
1218 2147 1287 2216 luit
1312 2148 1521 2236 perversitas
1545 2159 1578 2216 et
1603 2143 1817 2236 pertinacia,
1848 2157 1888 2212 ut
1909 2143 2082 2229 fingerent

1093 2247 1252 2340 politiam
1277 2247 1455 2318 ludaicam
1478 2260 1680 2338 perpetuam
1705 2247 1800 2329 lore,
1826 2257 1860 2314 ει
1882 2244 1958 2313 eius
1979 2239 2097 2311 resti-.

1092 2353 1245 2422 tuendae
1262 2375 1365 2420 causa
1388 2345 1597 2421 horribilem
1614 2349 1824 2418 seditionem
1839 2343 1993 2416 Adriani
2008 2339 2083 2412 lm-

1092 2451 1265 2544 peratoris
1279 2467 1439 2543 tempore
1454 2463 1656 2534 moverent,
1679 2449 1827 2520 collecto
1842 2447 1997 2518 exercitu
2010 2459 2083 2516 tre-

1092 2568 1277 2623 centorum
1307 2553 1461 2623 millium
1486 2548 1673 2622 hominum
1696 2574 1738 2622 ex
1762 2550 1939 2640 fugitivis,
1969 2559 2003 2616 et
2026 2569 2083 2616 sa-

1092 2655 1231 2724 ditiosis
1259 2651 1411 2730 ludaeis.
1487 2651 1570 2724 Dux
1599 2649 1707 2723 huius
1739 2649 1982 2722 multitudinis
2010 2645 2081 2718 luit

1091 2751 1199 2828 homo
1222 2757 1397 2842 furiosus,
1423 2756 1487 2850 qui
1508 2754 1695 2848 praecipue
1715 2747 1991 2824 in·Christianos
2005 2773 2081 2819 ma-

1091 2880 1196 2950 gnam
1222 2859 1466 2938 crudelitatem
1486 2857 1660 2941 exercuit,
1690 2856 1753 2950 qui
1771 2855 1839 2925 sibi
1863 2877 1995 2926 nomen
2015 2849 2081 2923 tri·

1091 2961 1170 3033 buit
1191 2954 1432 3046 Bencochab,
1463 2959 1498 3030 id
1524 2973 1594 3046 est,
1628 2959 1722 3028 iilius
1741 2957 1874 3032 stellae.
1925 2955 2016 3027 Nam
2040 2966 2083 3024 nt

47 3115 244 3209 piissimam
278 3129 312 3186 et
347 3115 589 3186 dulcissimam
620 3113 820 3186 doctrinam
848 3113 1041 3198 contineat,
1091 3063 1315 3183 mimifflem
1340 3076 1502 3154 ‘mmet’
1532 3061 1766 3153 ‘mmmm
1790 3063 1834 3130 ”d
1860 3081 1933 3128 ⁸⁸³²
1957 3055 2082 3128 'allel'

47 3241 121 3288 non
140 3219 361 3310 aspernanda
377 3229 447 3302 εει,
469 3216 677 3310 praesertim
694 3239 776 3287 cum
793 3210 922 3286 habeat
936 3199 1050 3286 testes
1091 3189 1210 3340 3⁰¹&
1245 3161 1395 3237 oriem
1414 3167 1580 3284 ⁸¹‘¹¹³,‘¹‚
1603 3160 1721 3232 ¹³⁰⁰b·
1778 3159 1971 3282 9⁰⁵¹fl¹¹³¹¹¹
1996 3181 2081 3276 ΜΡ

46 3333 193 3393 mm·
244 3315 293 3392 E,
315 3343 396 3390 ,um
418 3321 532 3413 prosi,
545 3319 713 3390 omnibus
730 3317 953 3390 ”minimam
967 3339 1040 3387 me
1127 3281 1202 3338 rstrs
1223 3283 1371 3338 eventus
1393 3268 1549 3338 ostendit
1569 3279 1796 3353 impostorem
1812 3265 1938 3347 luisse,
1963 3283 2083 3330 noma.

45 3420 259 3494 oententiam
284 3418 410 3502 Iacob,
433 3435 468 3493 et
491 3421 736 3492 dulcissimum
753 3421 819 3503 sit,
844 3434 965 3492 tenere
981 3417 1040 3488 in·
1091 3382 1313 3544 2⁸:3³3?
1334 3368 1578 3463 Strll’mffl'u⁸
1597 3361 1804 3453 Bmmb‘s
1829 3367 1867 3438 ld
1891 3377 1963 3450 ‘⁵²2
1989 3361 2083 3433 filiu·

45 3525 317 3616 terpretationes
325 3525 519 3594 concinnas
527 3523 797 3605 vocabulorum,
816 3523 937 3593 deiero
947 3515 1040 3592 hane

44 3627 289 3720 quaestionem
329 3628 374 3697 ad
405 3623 658 3699 Revereudum
698 3625 816 3697 virum
846 3621 1039 3696 Ductorem
1194 3621 1285 3696 Cum
1321 3636 1439 3694 autem
1472 3617 1559 3694 haec
1591 3619 1761 3694 sediciosa
1792 3619 1986 3694 multitudo
2022 3615 2084 3691 lu-

47 3721 251 3822 Georgium
265 3723 470 3814 Μαίονιηι,
495 3742 530 3800 ει
543 3741 638 3822 peto,
661 3741 702 3800 ut
720 3741 864 3820 propter
881 3727 1041 3798 iuniores
1093 3729 1262 3798 dacorum
1285 3724 1500 3796 Palestinam
1530 3739 1565 3796 et
1586 3725 1726 3820 Syriam
1752 3725 1903 3796 vicinam
1933 3723 2084 3816 popula-

48 3829 227 3904 auditores
242 3829 420 3925 copiosius
433 3834 478 3902 de
494 3854 534 3902 ea
552 3831 657 3905 dicae
707 3827 803 3902 Diri.
1094 3843 1210 3909 retur,
1244 3823 1427 3898 Adrianus
1452 3825 1647 3922 Imperator
1675 3825 1812 3924 aliquot
1832 3825 1979 3921 praeliis
2006 3847 2083 3894 eam

1093 3930 1298 4022 dissipavit,
1327 3931 1364 4000 in
1389 3929 1520 4023 quibus
1539 3943 1656 4000 tamen
1679 3944 1715 4000 ει
1728 3953 1854 4021 magna
1871 3931 1992 3998 caedes
2007 3923 2084 4000 Ro-

1094 4057 1281 4104 manorum
1295 4031 1450 4103 militum
1466 4031 1555 4103 iacta
1570 4043 1632 4101 εει.
1673 4027 1799 4102 Postea
1816 4029 1985 4123 reliquiae
1998 4052 2084 4098 con-

1092 4137 1260 4224 fugerunt
1280 4133 1318 4204 in
1336 4133 1508 4227 oppidum
1526 4128 1727 4218 llitheram,
1752 4145 1792 4202 ut
1807 4129 2006 4223 Scriptores
2022 4125 2086 4199 lu·

146 4233 264 4320 Vera,
287 4233 437 4326 simplex
451 4247 486 4306 et
500 4233 616 4304 natira
633 4233 806 4304 sententia
824 4227 931 4305 huius
944 4234 1043 4320 dicti,
1093 4239 1186 4308 daici
1208 4235 1415 4321 notarinant,
1449 4235 1511 4328 qui
1533 4235 1677 4330 quidem
1700 4248 1734 4304 et
1752 4233 1905 4303 vicinam
1930 4257 2006 4304 esse
2027 4229 2082 4301 di-

44 4361 156 4436 quem
174 4337 213 4408 in
222 4332 378 4408 Ecclcsia
391 4350 513 4409 notam
528 4359 602 4405 esse
614 4347 765 4426 oportet,
790 4337 950 4407 continet
966 4361 1042 4406 am·
1093 4355 1179 4410 cunt
1203 4337 1461 4432 lerosolymae,
1487 4361 1597 4430 qnare
1619 4359 1682 4426 ego
1705 4331 1888 4406 Bethoron
1912 4359 1985 4406 esse
2010 4333 2084 4404 eri-

41 4439 243 4538 plissimam
271 4440 488 4520 doctrinam,
528 4451 563 4509 et
583 4437 806 4508 dulcissimas
828 4439 1042 4510 consolatio-
1093 4441 1218 4526 stimo,
1260 4463 1350 4534 quae
1379 4439 1449 4510 luit
1478 4438 1516 4506 in
1548 4438 1659 4509 limite
1689 4438 1795 4508 sortis
1823 4431 2016 4529 Ephraim,
2051 4449 2085 4506 et

43 4565 124 4616 nes.
175 4539 249 4618 Nec
263 4565 347 4612 vero
364 4543 520 4612 breviter
534 4539 604 4610 dici
621 4551 734 4632 potest
750 4541 795 4609 de
810 4535 866 4610 his
880 4541 1043 4612 maximis
1092 4544 1271 4636 quondam
1289 4567 1307 4610 a
1326 4539 1518 4612 Salomone
1534 4539 1671 4610 mnnita
1691 4540 1816 4613 luerat.
1869 4536 1910 4610 ln
1928 4539 1963 4609 id
1980 4537 2084 4631 oppi-

42 4645 173 4728 rebus,
196 4667 307 4738 quare
323 4643 515 4714 constituta
531 4642 577 4714 sit
592 4639 722 4713 Politia
738 4637 909 4729 Mosaica,
934 4667 1041 4738 quam
1092 4649 1179 4716 dum
1196 4639 1440 4714 inclususDur
1456 4665 1537 4711 cum
1554 4655 1652 4733 parte
1664 4643 1860 4734 copiarum,
1885 4655 1959 4714 toto
1971 4641 2084 4710 trien·

43 4745 155 4820 dulce
182 4744 394 4816 heneficium
423 4741 492 4815 Dei
522 4742 648 4828 luerit,
688 4738 818 4814 habere
846 4739 1040 4816 Ecclesiam
1093 4747 1155 4818 uio
1178 4760 1214 4818 et
1236 4769 1294 4816 sex
1315 4743 1498 4814 mensibus
1514 4743 1739 4814 obsidionem
1756 4743 1929 4814 toleravit.
1983 4739 2085 4812 Tan-

47 2707 179 2777 aeterni
199 2707 329 2800 patris,
355 2729 421 2777 nos
437 2704 633 2795 Evangelio
648 2729 713 2774 suo
730 2705 902 2789 vivificat,
929 2715 963 2772 et
978 2725 1040 2792 ge-

47 2823 116 2880 stat
135 2831 200 2881 nos
223 2809 322 2880 velut
343 2811 388 2878 de
410 2809 545 2879 cervice
566 2831 628 2878 sua
653 2809 866 2900 pendentes,
888 2830 970 2876 cum
993 2804 1040 2875 sit

48 2935 89 2982 os
104 2933 145 2981 ει
161 2911 300 2982 ossibus
317 2911 468 3000 nostris,
492 2925 528 2982 ει
545 2935 626 2981 caro
641 2913 685 2980 de
701 2933 805 2980 carne
823 2921 959 2980 nostra.

149 3010 241 3086 Cum
273 3027 389 3085 autern
414 3005 500 3085 haec
523 3009 750 3108 Etymologia
773 3013 818 3082 de
842 3013 941 3082 ioetu
963 3033 1041 3080 am·

45 4075 226 4166 nerpomio
246 4075 414 4164 Georgii
434 4073 636 4160 Maioris,
665 4072 818 4144 Doctoria
840 4073 1042 4164 Theolopiae.

44 4861 186 4920 εειιιιιιι
210 4842 405 4938 hospitium
428 4847 467 4916 in
489 4867 617 4936 genere
638 4841 816 4930 humano,
854 4861 889 4918 et
910 4861 1040 4918 certam
1092 4851 1173 4919 dem
1197 4861 1408 4937 consumpto
1424 4844 1599 4932 exercitu,
1624 4843 1754 4939 partim
1771 4845 1808 4916 in
1826 4841 2086 4938 eruptionibus,

42 4947 231 5022 doctrinae
254 4951 395 5035 sedem,
419 4963 581 5020 ornatam
606 4947 806 5018 illustribus
828 4948 1042 5019 testimoniis
1091 4949 1223 5044 partim
1244 4947 1444 5038 pestilentia
1465 4961 1500 5018 et
1518 4947 1631 5033 fame,
1657 4947 1830 5040 oppidum
1846 4959 2085 5040 expugnatum

41 5079 66 5125 a
83 5049 181 5136 Deo,
206 5049 382 5138 victoriis,
406 5063 443 5122 ει
464 5049 639 5120 mirandis
655 5049 756 5120 lactis
770 5047 1042 5143 Prophetarum,
1092 5067 1164 5138 est,
1189 5067 1225 5124 ει
1239 5047 1322 5124 Dur
1338 5048 1408 5120 sibi
1425 5049 1500 5140 ipse
1516 5065 1665 5122 mortem
1681 5049 1872 5136 conscivit,
1898 5048 2009 5142 etqui
2026 5071 2086 5118 re-

42 5153 179 5226 deinde
201 5177 310 5247 quare
328 5148 414 5223 haec
434 5147 672 5246 pulcherrima
688 5151 831 5244 politia,
857 5152 1041 5252 manifesta
1092 5153 1184 5250 liqui
1208 5167 1328 5234 erant,
1350 5151 1525 5226 interlecti
1549 5165 1643 5223 sunt.
1694 5147 1764 5220 Hic
1787 5149 2085 5222 luiterituscru·

42 5253 118 5330 Dei
140 5277 227 5327 voce
240 5254 449 5340 constituta,
474 5279 555 5326 eum
569 5255 730 5325 durasset
744 5253 843 5323 mille
857 5255 1042 5345 octingcu-
1092 5255 1265 5328 delissiroi
1288 5251 1472 5348 Tyranni,
1504 5253 1567 5347 qui
1589 5251 1761 5343 gloriatus
1784 5253 1916 5338 luerat,
1940 5274 1979 5322 ιε
2001 5249 2087 5322 stel-

43 5375 105 5432 tos
121 5359 261 5429 etduos
275 5381 408 5443 annos,
432 5357 595 5428 funditus
607 5355 723 5428 deleta
737 5356 801 5440 sit,
825 5355 913 5452 quid
929 5355 1041 5429 inter·
1091 5359 1163 5430 lam
1187 5379 1279 5444 εεεε,
1304 5357 1439 5452 deque
1460 5355 1548 5428 dicit
1565 5353 1792 5428 vaticinium:
1818 5347 1971 5427 Orietur
1984 5349 2088 5434 stella

41 5461 93 5534 sit
122 5457 219 5532 inter
246 5459 501 5554 paedagogium
528 5457 636 5550 legis,
668 5471 703 5532 et
728 5457 907 5530 iusticiam
928 5473 1042 5532 aeter-
1062 5519 1069 5540 .
1092 5485 1134 5533 ex
1150 5456 1268 5534 lacob-
