4652 6178
52 275 116 358 ns
611 273 1039 376 Quaasrrouas
1091 237 1510 352 coronatore.
2004 271 2081 347 reo

49 455 211 550 prodesse
241 453 481 548 coguitionem
510 453 717 547 linguarum
746 457 792 527 ad
815 455 1038 550 quaerendas
1088 451 1133 520 ad
1156 447 1234 520 eius
1255 450 1475 546 aequinoctii
1500 463 1633 523 metam
1658 449 1801 522 reversi.
1862 443 1912 524 Et
1934 447 1972 520 id
1996 469 2080 542 spa-

48 559 122 628 illas
140 557 298 628 illustres
312 569 346 629 et
360 557 540 653 simplices
554 558 760 633 sententias.
780 558 783 566 ’
811 559 867 631 Ac
882 581 984 651 saepe
998 555 1037 626 iu
1089 552 1182 624 cium
1208 553 1431 625 distribuisse
1458 553 1496 623 in
1523 553 1712 624 duodecim
1743 573 1885 623 meuses
1905 550 2079 636 Lunares,

47 659 193 732 minutis
208 660 391 752 particulis
407 683 571 752 magnam
589 661 662 732 vim
676 683 752 732 esse
766 675 924 747 constat,
939 659 1037 755 quod
1088 655 1220 750 quibus
1236 657 1478 727 attribuerunt
1494 653 1658 748 Epactas.
1709 653 1789 726 Hoc
1804 655 1853 726 ita
1869 675 1944 724 esse
1962 649 2078 724 bisto-

47 762 150 833 velim
166 762 321 853 cogitare
336 763 598 854 adolescentes,
612 779 647 837 et
659 759 747 834 haec
763 763 881 835 studia
896 765 1038 854 liugua-
1088 757 1142 828 ria
1157 751 1281 829 Nohae
1295 771 1465 842 testatur,
1491 757 1529 828 in
1551 781 1621 853 qua
1641 759 1818 830 mensium
1842 757 1931 826 ordo
1956 779 2080 827 receu-

46 891 122 938 rum
147 864 358 957 diligentius
384 865 519 952 colere,
545 881 581 938 et
605 889 642 937 se
663 868 852 937 amandam
875 863 1038 959 proprie-
1088 872 1186 930 setur
1202 859 1269 942 ita,
1295 875 1336 932 ut
1351 875 1518 954 appareat
1531 859 1721 932 duodecim
1738 859 1919 930 mensibus
1936 857 2077 944 exactis,

46 983 151 1040 tatem
176 968 216 1040 iu
238 967 506 1060 interpretando
531 969 765 1044 adsuefacere.
816 965 948 1039 Deiera
973 989 1039 1038 aa·
1089 985 1224 1052 aunum
1242 963 1458 1056 completum
1476 985 1560 1038 esse.
1613 959 1689 1036 Nec
1711 963 1867 1034 arbitror
1883 961 1960 1031 sine
1982 975 2078 1034 certo

46 1085 110 1142 tem
130 1064 225 1142 banc
241 1069 485 1166 quaestionem
502 1071 753 1163 inpraesentia
770 1071 814 1140 ad
837 1071 955 1141 virum
971 1070 1039 1140 do-
1089 1063 1261 1150 cousilio,
1281 1065 1329 1135 ita
1346 1065 1514 1158 scriptam
1529 1087 1604 1136 esse
1618 1065 1886 1136 annotationem
1900 1065 2077 1134 mensium

46 1173 266 1260 ctissimum,
301 1171 355 1248 M.
382 1169 514 1248 Vs'tum
539 1167 846 1258 Wnslsemr'um,
883 1172 1038 1244 amicum
1090 1167 1300 1253 etdierum,
1325 1169 1456 1262 quibus
1473 1163 1576 1240 Nube
1596 1168 1665 1240 fuit
1682 1165 1850 1254 iudces,
1874 1181 1916 1238 ut
1941 1167 2079 1237 duode-

45 1301 183 1358 menm,
210 1294 245 1348 et
261 1297 366 1368 rogo,
390 1290 432 1350 ut
447 1301 525 1348 eam
542 1299 605 1348 seu
621 1271 690 1348 hoc
703 1291 866 1370 tempore
884 1299 946 1346 seu
964 1273 1038 1344 alio
1090 1269 1159 1339 cim
1174 1267 1319 1340 Menses
1333 1271 1501 1342 dicantur
1516 1270 1703 1362 completi,
1729 1283 1763 1341 et
1777 1269 1924 1360 insuper
1940 1270 2079 1340 addan-

46 1379 208 1474 erplicet.
239 1373 360 1452 'Diri

872 1627 1026 1637 ..ι-.-

63 1779 128 1854 No.
143 1775 207 1852 27.

53 1873 224 1906 Μ

806 1783 837 1847 4.
846 1782 931 1869 Sept.
942 1778 1037 1847 1544.

814 1877 1028 1913 sem

111 1996 143 2050 lu
159 1992 327 2064 Quaestiou.
342 2011 369 2064 p.
386 1989 421 2045 58
435 2008 477 2063 sq.
515 1991 583 2048 ltem
602 1988 631 2044 in
647 1989 745 2047 Select.
759 1989 838 2046 Decl-
846 1987 880 2049 T.
889 1989 935 2046 tv,
942 2008 969 2060 p.
977 1987 1038 2046 809.

146 2063 278 2121 Richard.
294 2062 314 2120 l.
328 2081 356 2136 p.
368 2061 431 2120 448.

46 2243 224 2331 Quaestio
250 2236 297 2313 tle
324 2237 557 2318 discrimine
573 2261 762 2311 annorum
785 2235 889 2332 apud
915 2233 1040 2309 diver·

46 2371 114 2420 sas
137 2351 286 2442 pentes,
311 2353 504 2416 eteorum
532 2342 816 2436 ammaoditate,
842 2341 1040 2433 proposita

48 2471 75 2521 a
102 2442 167 2520 Μ.
192 2445 478 2520 Sebastiano
508 2445 799 2519 Theoderico
830 2440 1040 2518 Winslse·

247 2553 361 2638 nsio,
388 2570 451 2622 on.
476 2546 587 2624 1544
611 2548 647 2622 ct.
667 2548 703 2624 t.
728 2553 836 2641 Sept.

47 2693 140 2777 Non
154 2703 200 2772 ad
222 2701 366 2772 inanem
382 2699 654 2770 ostentationem
676 2694 764 2768 haec
787 2696 931 2768 dicendi
952 2719 1039 2766 con-

48 2807 200 2878 suetudo
225 2802 390 2875 iustituta
414 2817 484 2884 est,
517 2827 582 2872 uec
616 2801 696 2872 ludi
723 2813 861 2872 tantum
887 2799 1039 2892 pueriles

47 2924 129 2982 sunt
144 2903 233 2978 ltaee
249 2900 457 2978 scholastica
472 2904 684 2998 spectacula,¹
704 2903 767 2973 sed
784 2902 949 2973 exercitia
965 2901 1038 2972 uti-

47 3013 93 3082 lia
118 3009 262 3084 studiis.
313 3009 400 3080 Ideo
424 3021 460 3079 et
484 3009 607 3078 venire
627 3005 855 3098 gravissimos
879 3005 976 3074 viros
998 3003 1036 3073 in

48 3109 147 3186 bunc
164 3133 368 3184 consessum
383 3111 560 3197 arbitror,
584 3133 631 3179 ne
645 3130 765 3179 mores
781 3107 920 3180 utiliter
934 3107 1037 3177 insti-

47 3217 114 3290 tuti
132 3215 356 3286 aboleantur.
412 3209 533 3302 Quare
555 3225 590 3284 ct
617 3233 683 3282 nos
707 3210 947 3282 adolescentes
972 3210 1040 3280 ob-

46 3335 247 3412 temperare
261 3313 514 3388 consuetudini
530 3317 648 3396 decet,
671 3337 761 3408 quae
784 3312 864 3382 aliis
885 3311 1039 3384 uecessi-

46 3435 159 3494 tatem
177 3419 322 3492 dicendi
335 3417 510 3510 imponit,
534 3417 624 3488 alios
641 3415 740 3487 iubet
757 3414 1037 3520 placideaudire.

47 3521 150 3596 Haec
169 3547 228 3594 me
243 3543 347 3594 eausa
369 3543 451 3592 cum
473 3519 610 3614 aliquid
632 3517 670 3588 in
697 3514 765 3589 boc
787 3513 1037 3589 honestissimo

45 3647 220 3698 consessu
232 3623 349 3696 dicere
368 3635 490 3714 cogat,
515 3645 645 3717 quaeso
671 3645 795 3692 neme
817 3619 1037 3714 impudentia

45 3725 141 3801 mibi
168 3725 359 3820 sumpsisse
382 3719 447 3798 bas
462 3738 580 3818 partes
594 3723 817 3808 existimetis,
841 3723 902 3794 sed
919 3722 1036 3794 officio

44 3835 244 3904 adductum
267 3851 342 3900 esse
361 3829 404 3899 ad
423 3828 636 3912 dicendum,
661 3839 703 3897 ut
724 3826 905 3898 autoritati
928 3823 1038 3896 Prae-

44 3949 236 4029 ceptoram
258 3945 293 4004 et
313 3931 566 4003 consuetudini
593 3953 730 4000 morem
755 3951 886 4020 geram.
939 3927 1038 4000 Alias

42 4055 170 4112 autem
194 4035 241 4106 de
264 4031 344 4106 sliis
366 4032 526 4105 materiis
549 4031 757 4113 disseritur,
789 4043 824 4102 et
847 4055 929 4102 curn
952 4025 1038 4102 haec

43 4155 173 4212 nostra
194 4129 447 4228 Philosophiae
471 4135 588 4207 studia
617 4134 750 4204 servire
771 4127 949 4204 Ecclesiae
974 4135 1037 4204 de-

42 4245 179 4326 beant,
205 4261 281 4310 nou
297 4237 585 4332 intempestivum
603 4250 673 4322 est,
690 4230 748 4306 hic
764 4235 913 4306 recitare
927 4259 1037 4330 quae·

42 4347 202 4426 stiones,
227 4365 318 4437 qaae
332 4337 470 4436 aliquid
484 4339 575 4412 lucis
594 4339 761 4410 adferunt
786 4336 926 4431 scriptis
947 4337 1038 4410 Pro-

66 4446 210 4519 lreticis.
686 4447 690 4455 '

42 4473 65 4541 p
153 4546 289 4619 Passim
305 4544 436 4636 legitur
449 4542 636 4614 dissimilia
655 4543 764 4614 luisse
790 4543 906 4636 spacia
923 4567 1038 4612 anno·

42 4679 152 4738 rum,
178 4649 272 4742 apud
291 4649 447 4718 diversas
460 4660 591 4737 gentes.
628 4644 809 4718 Arcadum
827 4643 1037 4716 aunosTri-

42 4767 198 4826 mestres
217 4751 325 4822 tuisse
340 4763 498 4822 narrant.
543 4746 693 4821 Romuli
709 4771 805 4818 anuo
820 4749 939 4817 decem
958 4759 1034 4816 tau-

41 4873 126 4930 tum
151 4877 288 4926 menses
310 4853 488 4949 tribuunt.
547 4850 735 4940 Leguntur
755 4865 790 4922 et
811 4849 880 4920 alia
911 4851 1036 4920 absur-

1091 1385 1150 1443 tur
1165 1372 1241 1442 dies
1260 1375 1393 1443 decem.
1428 1371 1672 1462 Significatum
1690 1385 1743 1444 est
1759 1371 1873 1458 euim,
1898 1366 2002 1444 Nohe
2019 1371 2079 1442 in·

1091 1488 1229 1566 tegrnm
1245 1475 1331 1545 solis
1345 1497 1481 1546 annum
1496 1476 1690 1566 complesse
1704 1471 1866 1561 inArca‚
1890 1495 1971 1545 cum
1987 1476 2079 1544 duo·

1092 1575 1206 1648 decim
1228 1601 1367 1650 menses
1386 1575 1548 1649 Lunares
1572 1577 1624 1649 ibi
1652 1577 1843 1670 peregerit,
1876 1588 1910 1648 et
1939 1589 2078 1670 epactas

1092 1680 1223 1754 decem.
1281 1677 1338 1754 Sit
1359 1681 1469 1772 igitur
1491 1693 1584 1752 certa
1607 1675 1694 1750 haec
1715 1678 1909 1764 sententia,
1941 1702 2080 1771 semper

1091 1783 1185 1876 apud
1200 1783 1357 1856 eruditas
1381 1797 1502 1874 gentes
1519 1783 1605 1853 anui
1629 1784 1787 1874 spacium
1810 1783 1917 1852 luisse
1941 1783 2079 1854 duode-

1092 1886 1161 1954 cim
1175 1907 1311 1956 menses
1319 1885 1497 1972 Lunares,
1524 1899 1558 1956 et
1574 1899 1714 1977 epactas
1729 1885 1887 1980 aliquas,
1915 1909 2001 1979 quas
2017 1883 2079 1954 alii

1092 1987 1220 2078 magis,
1245 1989 1306 2058 alii
1321 1989 1442 2060 minus
1457 1988 1677 2059 considerate
1692 1989 1881 2059 duodecim
1896 1987 2079 2058 mensibus

1092 2091 1317 2162 addiderunt.
1379 2089 1451 2164 Sed
1477 2091 1568 2162 illud
1604 2103 1760 2176 constat,
1791 2089 1892 2160 initia
1920 2090 2005 2160 anni
2034 2091 2079 2159 de

1091 2191 1267 2264 industria
1283 2193 1417 2263 variata
1433 2217 1518 2267 esse.
1556 2189 1701 2264 Certum
1719 2207 1787 2277 est,
1804 2191 1915 2262 Moisi
1933 2192 2078 2262 initium

1094 2294 1181 2364 anni
1204 2317 1278 2365 esse
1299 2319 1319 2364 a
1344 2319 1455 2366 verno
1480 2295 1726 2390 aequinoctio,
1751 2290 1819 2366 boc
1839 2307 1907 2380 est,
1933 2320 1952 2364 a
1971 2295 2077 2364 novi·

1092 2397 1215 2481 lunio,
1235 2399 1330 2492 quod
1351 2398 1552 2490 proximum
1568 2397 1638 2476 suit
1655 2397 1881 2492 aequinoctio
1898 2421 1959 2468 scu
1978 2417 2080 2486 prae-

1093 2501 1220 2569 cedens
1234 2522 1296 2569 scu
1311 2522 1481 2592 sequens,
1509 2501 1557 2569 ita
1573 2513 1712 2580 tamen,
1739 2513 1780 2570 ut
1796 2499 1987 2591 plenilunii
2003 2499 2080 2569 dies

1092 2615 1298 2694 sequeretur
1329 2601 1606 2694 aequinoctium.
1674 2597 1724 2672 Et
1757 2602 1908 2672 cundem
1942 2625 2078 2672 rnorem

1091 2703 1199 2772 luisse
1224 2702 1505 2796 Aegyptiorum,
1539 2703 1589 2772 ait
1613 2701 1834 2795 Simplicius.
1893 2701 1980 2774 Asia
2003 2703 2079 2772 for-

1092 2805 1192 2874 tassis
1217 2805 1337 2876 studio
1359 2806 1515 2898 quodam
1536 2804 1760 2876 dissentienti
1793 2798 1976 2876 inchoavit
2012 2829 2079 2874 an-

1092 2931 1178 2978 num
1199 2909 1244 2978 ab
1268 2907 1494 3002 aequinoctio
1516 2907 1727 2979 autumnali.
1790 2905 1830 2978 ld
1851 2930 1993 3002 quoque
2018 2905 2078 2978 lu·

1092 3009 1171 3080 daci
1195 3025 1351 3082 recentes
1370 3010 1561 3081 nominant
1583 3009 1669 3080 anui
1693 3009 1851 3081 initium.
1914 3007 2077 3104 Cumque
2197 3053 2201 3064 ·

1092 3113 1273 3204 ignorent,
1300 3137 1336 3182 se
1359 3137 1378 3182 a
1402 3112 1551 3194 vicinis,
1576 3112 1709 3207 quibus
1725 3126 1805 3205 post
1820 3112 2078 3204 dispersionem

1095 3215 1261 3308 permixti
1277 3215 1442 3300 fuerunt,
1468 3211 1565 3286 hunc
1583 3239 1719 3291 morem
1735 3214 1923 3308 accepisse,
1949 3237 1987 3284 se
2011 3237 2081 3306 pu·

1091 3329 1169 3388 tant
1188 3331 1328 3414 autores
1353 3341 1445 3402 esse,
1468 3329 1502 3389 et
1517 3330 1695 3410 quaeruut
1716 3339 1757 3386 ex
1773 3316 1849 3408 lege
1865 3317 2078 3401 testimonia,

1091 3421 1152 3489 sed
1167 3443 1265 3490 secus
1279 3418 1469 3494 intellecta.
1520 3417 1662 3491 Rursus
1677 3420 1722 3490 ab
1732 3417 1913 3514 Aegyptiis
1926 3433 1960 3492 et
1972 3419 2078 3492 Asia·

1091 3523 1171 3594 ticis
1191 3522 1375 3594 variarunt
1397 3517 1548 3606 Graeci,
1573 3523 1704 3616 quibus
1724 3523 1811 3591 anni
1840 3521 1984 3592 initium
2007 3521 2077 3592 suit

1091 3649 1109 3696 a
1126 3624 1278 3697 solstitio
1293 3625 1437 3696 aestivo.
1489 3621 1595 3696 Unde
1610 3624 1717 3696 fuerit
1732 3624 1889 3696 studium
1902 3623 2078 3708 variandi,

1091 3727 1231 3814 nescio,
1257 3729 1318 3820 sed
1342 3741 1461 3800 tamen
1481 3724 1603 3797 Latini
1624 3749 1643 3796 a
1665 3722 1802 3796 Graeca
1822 3726 2079 3797 consuetudine

1093 3830 1348 3915 discesserunt,
1380 3841 1416 3901 et
1447 3852 1582 3898 aunum
1614 3851 1634 3899 a
1660 3827 1812 3900 solstitio
1832 3825 1993 3923 byberno
2019 3827 2078 3897 iu-

1091 3927 1276 4004 choaruut.
1336 3929 1434 4002 Haec
1466 3931 1618 4002 varietas
1650 3929 1934 4001 consideratione
1969 3930 2076 4020 digua

1092 4047 1161 4120 est,
1187 4047 1222 4106 et
1237 4033 1352 4107 lucem
1372 4029 1531 4106 historiis
1548 4029 1747 4115 Ecclesiae,
1771 4045 1805 4103 et
1822 4033 1973 4102 alianrm
1989 4055 2077 4122 gen-

1092 4137 1181 4210 tium
1206 4137 1331 4211 adfert.
1380 4131 1429 4208 Et
1457 4135 1642 4228 diligentia
1665 4135 1704 4204 in
1724 4135 1812 4204 anui
1838 4133 2078 4224 descriptione

1091 4241 1334 4330 cognoscenda
1365 4251 1400 4310 et
1420 4239 1625 4324 retinenda,
1658 4237 1763 4306 valde
1793 4237 1986 4306 necessaria
2014 4251 2075 4306 est.

1091 4339 1180 4414 Vult
1195 4341 1290 4412 euim
1305 4337 1402 4412 Deus
1416 4364 1482 4412 nos
1503 4341 1593 4410 scire
1608 4341 1784 4410 mundum
1801 4339 1974 4430 coepisse,
2001 4341 2078 4409 vnlt

1094 4442 1224 4514 animis
1244 4457 1338 4514 retro
1361 4443 1575 4534 legi-omnia
1599 4438 1778 4512 Ecclesiae
1799 4453 1975 4534 tempora,
2002 4443 2078 4512 vult

1091 4546 1216 4615 seriem
1238 4541 1469 4616 historiarum
1491 4543 1659 4636 conspici.
1720 4539 1859 4614 Horum
1884 4539 1976 4612 nibil
2000 4543 2076 4613 lieri

1092 4661 1224 4738 posset,
1253 4647 1282 4718 si
1307 4646 1393 4716 anni
1415 4647 1605 4739 descriptio
1629 4659 1723 4718 certa
1753 4645 1853 4716 nulla
1885 4659 2074 4716 teneretur.

1091 4750 1212 4840 Quare
1227 4745 1311 4820 haec
1327 4749 1443 4820 studia
1461 4749 1611 4819 amanda
1629 4761 1664 4818 et
1682 4749 1829 4818 colenda
1849 4762 1941 4819 sunt.
1983 4746 2075 4816 Cum
2112 4775 2114 4782 ’

1090 4865 1207 4922 autem
1223 4853 1356 4923 multae
1370 4851 1443 4922 siut
1460 4851 1499 4920 in
1517 4846 1583 4920 hac
1594 4873 1634 4919 re
1643 4849 1877 4944 quaestiones,
1893 4853 2075 4942 quomodo

41 4963 166 5032 diora.
218 4955 313 5026 Haec
337 4955 402 5026 etsi
428 4953 548 5024 omnia
572 4955 732 5024 sabulosa
769 4975 843 5022 esse
871 4953 1036 5036 arbitror,
1090 4968 1288 5044 congruant
1315 4953 1503 5024 duodecim
1540 4975 1677 5022 menses
1707 4951 1867 5022 Lunares
1900 4952 1944 5020 ad
1981 4951 2076 5022 Solis

41 5077 170 5132 tamen
187 5059 422 5130 concedamus
444 5081 550 5142 sane,
575 5057 714 5151 aliquas
735 5055 931 5126 ineruditas
950 5077 1035 5144 gen·
1089 5057 1256 5127 cursum?
1315 5053 1412 5144 Quid
1444 5055 1586 5126 differat
1622 5075 1737 5124 aunrts
1771 5051 1950 5135 lulianus,
2003 5079 2075 5148 qun

40 5181 100 5236 tes
128 5163 260 5234 oblitas
288 5183 361 5231 esse
383 5160 580 5230 doctrinam
604 5162 649 5229 de
670 5183 785 5240 anno,
821 5158 1035 5229 traditama
1088 5183 1185 5230 nunc
1209 5159 1364 5242 utimur,
1390 5179 1410 5226 a
1433 5171 1549 5228 vetere
1567 5155 1749 5226 Mosaico?
1799 5151 1847 5226 Et
1870 5179 1961 5249 quae
1983 5157 2106 5252 ratio.

40 5267 178 5360 primis
192 5263 375 5334 Patribus:
404 5261 541 5332 Tamen
556 5262 646 5358 illnd
665 5275 800 5332 certum
816 5257 1037 5344 est,Patres,
1087 5262 1134 5333 sit
1161 5259 1382 5353 expeditior?
1440 5258 1693 5349 Quaestionem
1721 5251 1813 5328 banc
1840 5259 1885 5328 ad
1911 5257 2075 5328 doctissi-

39 5371 114 5464 qui
131 5365 311 5438 Ecclesiae
334 5367 586 5457 gubernatores
609 5365 776 5447 suerunt.
807 5387 943 5432 annum
969 5387 1035 5432 vo·
1088 5387 1186 5434 mum
1201 5364 1317 5434 virum
1336 5359 1388 5432 M.
1397 5357 1585 5433 Erasmum
1601 5355 1787 5432 Reiuhold
1806 5359 2071 5432 Salveldensem

40 5495 129 5542 care
150 5471 295 5553 solitos,
322 5491 463 5539 cursum
484 5465 580 5538 Solis
603 5468 649 5538 ab
672 5465 896 5560 aequinoctio
913 5463 1035 5536 Veruo
1087 5467 1226 5553 deiero,
1250 5480 1285 5538 et
1307 5479 1388 5558 peto
1409 5464 1701 5558 explicationem,
1728 5487 1793 5534 cur
1812 5463 1938 5534 utilior
1960 5477 1994 5534 et
2013 5485 2070 5532 ex·
