4674 6162
172 223 222 299 sa
334 205 791 322 sersaonsuuu,
842 203 1217 306 mnrcrouuu
1259 145 1775 321 nr'sonmronnu
1825 184 2060 298 nrn.xt'v.
2163 223 2215 294 as

176 395 226 466 tio
241 388 479 486 praetuleritis
494 384 672 471 libertati,
697 396 737 454 ut
761 381 989 467 norninatur,
1010 397 1048 456 ct
1067 407 1167 454 nunc
1190 384 1196 462 ι
1221 406 1306 476 pum
1325 405 1398 453 esse
1413 384 1527 456 voluit
1543 387 1698 460 mirandi
1721 390 1855 462 amoris
1876 389 1916 460 in
1929 387 2024 460 Filio
2045 409 2126 478 erga
2153 413 2218 458 no·

177 495 390 568 anteferatis.
1223 502 1337 557 turam
1354 481 1566 576 humanam,
1593 512 1702 586 quarn
1719 494 1921 585 assumpsit.
1968 490 2218 566 Circumdedit

282 593 400 688 Quam
425 597 472 666 ob
501 619 641 668 causam
667 606 763 668 certo
787 585 904 668 sciatis
926 585 1029 662 vobis
1051 590 1172 675 adesse
1223 601 1340 660 autem
1361 602 1473 660 certas
1496 605 1626 678 metas,
1650 604 1692 666 ut
1717 596 1940 684 intelligatur
1966 594 2126 680 castitas,
2148 619 2218 688 qus

180 703 313 787 Deum,
336 693 520 772 custodem
540 712 673 768 vestrae
688 693 866 766 societatis
881 706 916 762 et
939 693 1113 780 farrriliae,
1139 706 1173 762 ct
1224 692 1301 762 vult
1317 716 1353 762 se
1370 689 1467 763 Deus
1481 693 1527 764 ab
1542 695 1738 768 immundis
1754 699 1893 768 naturis
1910 696 2076 770 discerni.

183 829 306 879 omnes
321 812 508 874 aerumnas
524 801 719 871 leniturum
741 820 833 882 csse,
862 809 904 868 ut
928 796 1031 865 affrrit
1054 810 1173 870 custos
1329 789 1381 864 Ac
1405 808 1445 866 ut
1474 796 1627 890 intelligi
1660 801 1789 892 possit,
1821 790 1884 869 has
1910 811 2020 868 metas
2047 796 2220 868 divinitus

182 909 398 980 familiarum
421 895 618 989 Abrahae,
646 897 780 986 Isaac,
812 893 947 980 Itscob,
988 891 1174 982 Thasiae,
1226 895 1378 966 sancitas
1401 920 1494 985 esse,
1520 901 1715 974 voluntatis
1742 926 1825 975 suae
1852 915 1976 987 testes,
2008 899 2123 970 voluit
2146 923 2220 970 esse

184 1029 220 1083 ct
244 1009 439 1080 multorum
465 1005 626 1098 piorum,
650 1027 758 1098 quos,
789 1011 993 1098 quiunquam
1018 1015 1052 1072 et
1080 999 1174 1091 ipsos
1227 995 1417 1068 horribiles
1444 1025 1594 1092 poenas,
1636 1029 1726 1098 quae
1749 1005 1900 1076 immoto
1925 991 2055 1072 ordine
2076 1002 2115 1070 in
2138 1004 2221 1072 uui-

185 1111 289 1184 nrulti
314 1112 432 1182 tristes
462 1127 562 1178 casus
583 1109 721 1177 duriter
741 1117 993 1183 exercuerunt,
1025 1103 1178 1194 protexit
1229 1125 1329 1171 verso
1347 1124 1474 1190 genere
1487 1097 1644 1200 hermano
1659 1109 1794 1200 ubique
1810 1094 1959 1176 ihccstas
1972 1105 2144 1174 libidines
2160 1127 2220 1173 co·

185 1231 323 1297 tamon,
349 1213 437 1282 etiu
454 1209 592 1301 magnis
613 1205 779 1302 periculis
802 1219 837 1278 et
861 1203 1041 1276 aerumnis
1067 1205 1178 1298 placi·
1228 1204 1420 1289 mitantur,
1444 1220 1479 1276 et
1490 1210 1702 1294 ostendunt,
1727 1231 1801 1279 uon
1826 1229 1929 1292 casu,
1962 1209 2023 1277 sed
2045 1205 2222 1276 divinitus

187 1311 506 1388 dotetifutdedlt·
658 1326 662 1335 '
1041 1303 1045 1318 ⁵
1228 1305 1340 1375 deleri
1366 1330 1444 1390 θοι,
1486 1309 1549 1402 qui
1581 1311 1682 1381 tetris
1716 1311 1911 1381 libidinum
1948 1308 2222 1380 confusionibus

288 1417 433 1509 Quanto
459 1411 703 1486 tolerabiliora
726 1423 809 1481 sunt
837 1409 959 1480 omnia
991 1433 1082 1504 quae
1110 1406 1178 1501 piis
1230 1408 1358 1500 polluti
1372 1422 1466 1484 sunt.

187 1523 373 1599 accidunt,
396 1517 459 1612 qui
476 1541 512 1587 se
525 1513 603 1586 Deo
620 1537 724 1585 curae
743 1535 816 1582 esse
830 1513 966 1596 sciunt,
994 1512 1127 1606 quique
1141 1535 1178 1580 se
1335 1507 1515 1602 impressit
1529 1529 1564 1585 et
1577 1515 1764 1585 mirificam
1779 1511 2066 1584 benevolentiam
2096 1533 2223 1607 paren7

189 1640 224 1696 et
247 1647 327 1696 suas
342 1621 493 1690 familias
510 1627 645 1688 norunt
660 1629 774 1707 septas
791 1639 863 1684 esse
879 1627 1054 1683 castorum
1072 1635 1179 1702 ange·
1232 1613 1327 1682 tibus
1341 1636 1423 1702 erga
1439 1629 1559 1702 natos,
1581 1641 1672 1710 quae
1693 1639 1774 1686 cum
1795 1640 1871 1686 non
1895 1614 1942 1684 sit
1965 1637 2047 1684 casu
2068 1637 2224 1697 accensa,

190 1729 308 1798 lorum
331 1721 552 1814 agminibus,
585 1741 691 1813 quam
716 1739 806 1812 quae
833 1713 999 1785 accidunt
1021 1716 1180 1808 pollutis,
1231 1715 1293 1782 sed
1313 1716 1362 1784 ita
1389 1717 1534 1788 condita
1564 1720 1609 1790 sit
1638 1721 1676 1789 in
1705 1718 1852 1810 optimis
1878 1717 2036 1798 naturis,
2079 1717 2121 1784 in
2145 1715 2224 1808 qui-

191 1851 344 1923 quorum
361 1837 499 1918 pectora
517 1821 653 1912 magnis
670 1816 886 1888 cruciatibus
901 1817 1120 1914 lacerantur,
1147 1831 1181 1886 ct
1216 1818 1299 1896 ,bus
1315 1817 1429 1887 voluit
1448 1814 1545 1888 Deus
1566 1845 1666 1892 suam
1690 1821 1841 1911 effigiem
1867 1818 2041 1912 conspici,
2066 1817 2224 1888 ostendit

142 2013 145 2030 γ
192 1932 254 2026 qui
278 1929 396 2000 sciunt
417 1921 587 1995 seaDeo
611 1922 790 2014 proiectos
804 1943 897 2008 esse,
923 1933 958 1990 et
976 1916 1015 1987 in
1038 1942 1182 2010 magnas
1233 1917 1385 1990 similem
1409 1919 1448 1986 in
1473 1921 1550 2012 ipso
1574 1945 1657 2014 erga
1689 1947 1757 1993 uos
1781 1937 1966 2015 paternam
1993 1914 2160 2020 στοργήν
2192 1933 2225 1990 et

191 2029 407 2104 calamitates
428 2025 610 2097 ruituros?
666 2019 768 2092 Nihil
801 2019 948 2112 cogitari
970 2015 1181 2092 horribilius
1233 2041 1490 2096 atmorcmesse.

94 2115 98 2130 ⁸
192 2135 256 2207 tali
278 2133 349 2206 vito
371 2143 504 2225 potest,
530 2149 637 2222 quam
661 2146 726 2195 nec
749 2123 925 2216 gubernat
949 2148 1014 2193 nec
1031 2123 1183 2218 protegit
1324 2117 1433 2192 Haec
1447 2121 1567 2192 omnia
1583 2124 1783 2195 aedificium
1799 2118 1948 2196 humani
1962 2125 2146 2216 corporis,
2171 2127 2221 2196 di·

193 2239 304 2311 Deus.
1233 2223 1462 2294 stinctionsm
1476 2247 1589 2310 serus,
1615 2225 1708 2316 leges
1723 2227 1901 2316 coniugii,
1924 2249 2057 2320 poenas
2072 2229 2225 2300 incestae

296 2334 371 2407 lam
395 2348 437 2406 ut
456 2331 567 2404 animi
584 2330 779 2402 constantia
797 2329 1007 2398 inferendis
1023 2349 1183 2398 commu·
1234 2327 1522 2409 consuetudinis,
1547 2323 1711 2428 στοργήν
1734 2343 1938 2422 parentum,
1963 2315 2121 2402 illustria
2145 2337 2223 2423 pro·

195 2441 302 2510 nibus
317 2438 497 2508 aerumnis
512 2435 558 2506 sit
572 2433 720 2514 firmior,
741 2443 875 2502 attente
889 2433 1089 2500 consideres
1102 2428 1184 2497 dul·
1236 2428 1413 2500 videntiae
1435 2430 1637 2500 testimonia
1658 2445 1752 2518 esse,
1773 2432 2005 2503 'manifestum
2028 2447 2103 2522 est;
2137 2455 2223 2528 quae

195 2542 333 2613 sissima
348 2540 461 2624 dicta,
484 2539 522 2607 in
538 2535 668 2632 quibus
683 2529 781 2604 Deus
797 2533 1065 2604 etvoluntatem
1083 2553 1182 2600 snam
1234 2529 1379 2623 quidem
1402 2535 1597 2603 ostendunt
1616 2527 1708 2604 hanc
1730 2548 1893 2604 naturam
1917 2558 1992 2604 non
2023 2559 2109 2608 casu
2140 2535 2224 2606 exti-

196 2643 382 2736 expressit,
410 2655 445 2712 et
465 2639 637 2711 auxilium
661 2637 868 2727 pollicetur,
894 2660 962 2727 qua
991 2635 1029 2702 in
1053 2633 1188 2722 cogita·
1235 2634 1338 2719 tisse,
1361 2634 1425 2704 sed
1442 2659 1523 2706 vere
1541 2657 1615 2704 esse
1627 2650 1783 2706 mentem
1798 2631 2135 2725 architectatriceru,
2159 2640 2225 2708 bo-

195 2747 295 2818 tione
309 2743 422 2816 ordiri
435 2745 528 2812 abea
544 2737 750 2810 narratione
767 2737 1002 2806 rectissimum
1019 2749 1081 2820 est,
1095 2757 1185 2826 quae
1237 2759 1338 2818 nam,
1371 2735 1523 2819 iustam,
1556 2751 1707 2824 castam,
1739 2739 1917 2808 vindicem
1941 2739 2135 2826 scelerum,
2163 2764 2224 2811 cn-

195 2847 364 2920 descrihit
398 2845 550 2936 primam
581 2840 719 2930 generis
750 2833 899 2907 humani
922 2837 1186 2918 formationem,
1236 2837 1371 2905 stodem
1386 2837 1565 2908 societatis
1578 2833 1772 2924 humanae,
1797 2853 1832 2910 et
1846 2834 1987 2910 honesti
2005 2841 2174 2932 coniugii.

194 2950 259 3022 ubi
282 2935 452 3038 scriptum
475 2957 545 3030 est,
570 2939 689 3012 Dixit
704 2933 917 3024 Dominus,
943 2933 1034 3012 Non
1052 2944 1103 3006 est
1120 2931 1185 3004 bo-
1337 2936 1411 3008 Nec
1425 2963 1508 3010 vero
1523 2941 1674 3011 dubium
1690 2955 1741 3013 est
1755 2941 1962 3030 coniugium
1979 2943 2057 3012 lieri
2074 2945 2224 3028 dulcius,

195 3076 285 3124 uum
302 3043 488 3120 bominem
505 3069 579 3118 esse
593 3040 734 3134 solum,
752 3040 951 3141 sociamus
975 3037 1012 3111 ai
1032 3035 1184 3110 adiuto-
1236 3062 1317 3108 cum
1332 3035 1440 3110 huius
1456 3043 1763 3136 veraesapientiae
1775 3047 1819 3114 de
1829 3045 2050 3135 providentia
2066 3041 2224 3118 scholam

197 3153 292 3228 rium
306 3145 430 3222 similo
444 3146 530 3243 ipsi.
1236 3164 1310 3211 esse
1324 3143 1574 3218 considerabis.
1626 3144 1753 3218 Postea
1768 3146 1874 3214 etiam
1891 3147 1929 3214 in
1947 3148 2177 3236 generatione
2190 3161 2224 3218 ct

295 3253 388 3327 Cum
418 3263 594 3346 quaerunt
625 3243 802 3318 humanae
834 3255 990 3326 mentes,
1023 3267 1089 3314 cur
1110 3255 1185 3312 n‘on
1236 3245 1433 3315 nutritione
1450 3248 1604 3330 sobolis,
1631 3247 2142 3338 etinfamiliaeprotectiouc,
2169 3263 2223 3320 te-

195 3361 267 3432 alio
288 3359 396 3428 modo
416 3355 454 3426 fit
470 3351 693 3446 propagatio,
718 3361 759 3420 ut
773 3348 903 3418 florum
921 3361 955 3417 et
969 3371 1096 3438 apum,
1124 3357 1186 3414 aut
1234 3347 1400 3417 stiutonia
1417 3347 1633 3435 praesentiae
1646 3345 1715 3418 Dei
1730 3347 1841 3418 multa
1857 3371 1990 3423 cernes.

194 3457 409 3534 Phoenicis?
458 3453 507 3528 Et
533 3479 598 3526 cur
618 3453 727 3522 maris
751 3463 785 3520 et
806 3447 983 3518 foeminae
1004 3447 1184 3541 copulatio
1338 3445 1466 3516 Statim
1481 3471 1561 3518 cum
1575 3447 1614 3518 in
1630 3450 1712 3518 alvo
1734 3462 1893 3519 materna
1916 3451 2030 3521 foaus
2055 3451 2223 3533 nascitur,

195 3565 300 3638 cenis
322 3561 425 3634 metis
446 3557 653 3630 circundata
675 3553 751 3624 est?
799 3545 968 3623 Retrahit
998 3574 1065 3620 nos
1088 3543 1184 3619 Deus
1238 3572 1281 3617 ne
1304 3548 1436 3617 tenello
1459 3549 1669 3642 corpusculo
1687 3551 1778 3622 desit
1797 3551 2075 3639 nutrimentum,
2100 3555 2223 3624 divino

195 3669 241 3739 ad
260 3689 315 3750 sc,
347 3661 531 3758 inquiens,
564 3653 685 3728 Discit
708 3650 918 3734 Dominus,
951 3651 989 3722 id
1023 3665 1093 3732 est,
1127 3674 1184 3721 sa·
1235 3649 1383 3720 consilio
1400 3650 1449 3720 ita
1464 3653 1608 3724 condita
1623 3666 1677 3724 est
1697 3667 1844 3734 natura,
1873 3667 1912 3725 ut
1925 3654 1981 3724 lac
1996 3653 2035 3724 in
2051 3657 2223 3727 uberibus

195 3767 418 3866 pientissimo
428 3763 625 3834 consilioet
638 3761 786 3830 immoto
803 3759 945 3828 decreto
955 3753 1071 3826 sanxit
1087 3749 1183 3827 hunc
1235 3766 1419 3845 coquatur.
1477 3751 1575 3824 Miro
1600 3756 1728 3826 ordine
1750 3755 1875 3826 divino
1899 3757 2064 3828 laxantur
2089 3761 2222 3830 ossium

196 3871 372 3946 ordinem.
421 3865 464 3936 lu
483 3859 550 3936 hoc
564 3865 705 3936 decreto
723 3857 956 3954 acquiescito,
981 3854 1040 3928 cui
1056 3855 1179 3926 adver·
1236 3855 1420 3926 iuncturae
1433 3857 1525 3928 iusto
1548 3871 1706 3950 tempore
1729 3857 1768 3927 in
1792 3871 1913 3949 partu,
1937 3883 1978 3929 sc
1999 3874 2118 3952 postea
2142 3884 2222 3932 rur·

195 3975 286 4060 sari,
311 3986 362 4042 est
375 3968 538 4060 giganteo
556 3989 655 4036 more
671 3964 808 4036 bellum·
823 3959 923 4031 coelo
944 3956 1094 4040 inferre,
1120 3952 1184 4028 καὶ
1235 3980 1293 4047 sus
1314 3957 1548 4044 clauduntur,
1578 3985 1669 4054 quae
1704 3961 1804 4031 nulla
1833 3955 1990 4032 humana
2013 3976 2088 4032 arte
2113 3960 2221 4033 laxari

194 4075 408 4172 θεομαχεῖν.
1020 4127 1022 4132 .
1235 4073 1296 4130 aut
1311 4061 1428 4130 claudi
1446 4075 1604 4154 possunt.

296 4173 428 4250 Causas
449 4189 534 4242 vcro
561 4164 702 4240 consilii
723 4163 857 4250 divini,
897 4163 936 4232 in
959 4161 1021 4232 illa
1042 4175 1182 4234 aeterna
1336 4159 1433 4233 Haec
1465 4165 1649 4236 roanifesta
1683 4163 1855 4234 miracula
1894 4167 2106 4252 ostendunt,
2147 4185 2221 4234 non

195 4277 451 4354 consuetudine
469 4274 582 4363 magis
603 4291 806 4356 cernemus,
842 4289 938 4337 nunc
967 4277 1085 4335 autern
1114 4265 1182 4356 ipsi
1234 4287 1316 4334 casu
1333 4265 1430 4335 nasci
1447 4261 1628 4352 homines,
1654 4267 1714 4336 sed
1730 4266 1869 4337 ordinis
1883 4261 1989 4338 huius
2004 4282 2040 4340 et
2062 4281 2222 4340 autorem

195 4385 335 4455 decreto
352 4379 654 4468 obtemperemus,
679 4370 815 4440 etiamsi
830 4391 952 4440 causas
968 4389 1092 4438 omnes
1108 4391 1183 4436 non
1233 4380 1268 4438 et
1292 4382 1576 4439 conservatorem
1597 4367 1713 4439 Deum
1741 4391 1827 4440 esse.
1885 4367 2010 4442 Postea
2038 4387 2123 4445 suut
2152 4365 2221 4439 slis

194 4481 446 4582 perspicimus,
479 4489 649 4550 ettamen
675 4473 812 4565 aliquas
833 4471 1057 4542 considerare
1079 4469 1183 4540 dulce
1234 4469 1347 4540 multa
1376 4471 1475 4560 signa
1504 4471 1724 4568 praescntiae
1748 4467 1835 4556 Dei,
1875 4475 1970 4565 quod
2007 4495 2069 4544 sua
2099 4474 2220 4542 dextra

195 4601 266 4676 est,
291 4599 326 4658 et
350 4605 471 4656 earum
496 4579 710 4671 cogitatione
726 4569 795 4646 hoc
810 4596 921 4666 genus
936 4572 1029 4642 vitae
1045 4571 1084 4647 tit
1100 4595 1183 4645 sua·¹
1232 4585 1354 4643 tuetur
1385 4567 1572 4644 hominum
1603 4573 1820 4644 societatem.
1877 4572 1975 4664 Quia
1999 4574 2155 4646 latrones
2177 4569 2221 4640 ad

193 4691 286 4765 vius,
708 4690 712 4699 '
1233 4697 1364 4764 poenas
1397 4676 1507 4765 rapit,
1542 4677 1647 4749 etiam
1676 4699 1757 4745 cum
1780 4699 1822 4746 ex
1847 4677 2014 4748 manibus
2038 4677 2219 4767 magistra·

296 4785 444 4862 Conditi
468 4797 552 4858 sunt
573 4777 664 4868 dho,
701 4777 784 4874 quia
808 4777 923 4848 voluit
945 4771 1042 4848 Deus
1071 4797 1183 4864 genus
1233 4791 1332 4846 tuum
1349 4775 1512 4867 effugisse
1529 4779 1709 4852 videntur.

195 4891 393 4968 humanum
408 4885 603 4960 Ecclesiam
618 4908 712 4966 esse,
738 4881 851 4951 voluit
865 4878 1035 4950 celebrari
1060 4903 1182 4948 vocem
1335 4875 1448 4971 Saepe
1472 4879 1582 4968 igitur
1596 4895 1710 4950 tecum
1728 4893 1864 4970 repetas
1878 4875 1971 4951 hanc
1985 4905 2124 4966 vocem,
2145 4873 2220 4947 De·-

195 4991 486 5070 doctrinssinter
512 4989 649 5080 plnres,
676 4985 826 5056 alterum
847 4982 893 5052 ab
914 4982 1025 5052 altero
1052 4978 1183 5062 doceri,
1233 4975 1296 5048 :cit
1313 4973 1439 5060 Deus,
1464 4977 1555 5054 Nou
1571 4989 1622 5052 ast
1635 4979 1770 5051 bonum
1788 4973 1971 5052 hominem
1990 5005 2065 5054 essa
2087 4977 2220 5061 solnm,

196 5101 346 5172 alterum
363 5093 465 5164 alteri
483 5103 605 5162 testem
621 5112 694 5158 esse
718 5084 970 5168 invocationis,
1001 5095 1035 5152 et
1058 5103 1182 5174 specu·
1226 5079 1424 5180 sociamus
1440 5079 1729 5156 aiodiutorium.
1774 5078 1908 5154 Dicere
1927 5099 2043 5156 autem
2062 5081 2219 5154 hocloco

140 5231 146 5244 ·
196 5205 271 5274 lum
284 5223 324 5272 ac
338 5190 556 5266 hortatorem
571 5195 614 5260 ad
635 5187 754 5258 omnia
771 5186 943 5258 virtutum
959 5183 1087 5254 officia.
1235 5182 1425 5272 significat,
1464 5188 1627 5259 miranda
1654 5185 1825 5280 sapientia
1853 5187 2009 5273 sancire,
2051 5201 2086 5258 et
2118 5183 2220 5254 nobis

297 5297 437 5372 Marem
455 5307 570 5366 autem
583 5305 618 5362 et
632 5289 823 5362 foeminam
841 5287 1020 5371 condidit,
1045 5299 1086 5358 ut
1102 5309 1182 5357 mu·
1234 5280 1301 5356 hoc
1318 5289 1496 5360 decretum
1515 5294 1667 5362 tradere:
1695 5305 1729 5360 et
1743 5285 1820 5361 Deo
1837 5291 1969 5364 dic‘enti
1989 5315 2028 5362 ac
2048 5283 2219 5360 sancienti

194 5425 256 5485 tus
285 5404 331 5477 sit
352 5415 386 5475 et
410 5399 538 5472 ardens
560 5389 718 5496 στοργὴ,
751 5414 860 5490 quam
890 5389 1035 5488 quidem
1066 5401 1101 5460 et
1126 5401 1181 5486 ty·
1232 5389 1551 5484 obtemperandum
1569 5417 1642 5464 esse
1661 5406 1802 5464 statuas.
