4666 6170
192 267 270 348 aas
551 263 811 345 semera
842 261 920 342 an
952 257 1150 340 vlrau
1181 257 1256 338 nr
1288 245 1527 342 ontruu
1566 262 1867 350 mensura.
2163 267 2238 344 eso

194 443 399 540 petulanter
419 465 495 514 non
511 441 717 514 necessariis
736 440 1027 514 contentionibus
1045 437 1193 510 excitata
1218 453 1222 480 ¹
1245 465 1308 534 pra
1330 442 1538 524 retulimus,
1564 443 1627 538 qui
1646 458 1764 515 umen
1787 445 1894 538 paulo
1917 457 1995 536 post
2011 445 2056 514 ad
2071 443 2241 516 lectulum

167 578 171 587 ·
196 545 375 622 Ecclesiae
395 557 534 620 nostras
559 541 783 618 horribiliter
810 545 1022 624 dilacerare,
1062 554 1097 611 et
1120 540 1194 608 vim
1218 501 1222 584 l
1246 547 1484 638 praeceptoris
1507 547 1562 617 sui
1589 548 1756 618 conlectis
1779 547 1932 638 negotiis
1960 549 2242 622 revertebantur.

197 653 313 722 lacere
333 649 476 721 veritati
498 649 646 720 videret.
699 646 770 720 Sed
792 643 890 718 hunc
910 645 1066 716 vicissim
1090 643 1195 712 dolo·
1218 599 1221 705 l
1246 645 1323 718 Sub
1348 643 1473 718 horam
1484 649 1609 740 -igitur
1626 651 1839 722 matutinam
1861 663 2039 736 octavam,
2065 674 2135 744 quo
2153 663 2243 721 tem·

198 778 274 826 rem
299 751 413 824 lenire
437 752 508 824 sibi
532 751 648 822 aiebat
662 745 755 820 hanc
771 749 1069 850 eopsolationem,
1095 745 1193 840 quod
1245 773 1332 840 pore
1369 753 1479 848 λῆψις
1514 751 1652 823 febrilis
1684 753 1952 844 expectabatur,
1993 753 2112 824 subito
2148 752 2243 822 vires

199 857 306 930 sciret
327 855 526 926 doctrinam
550 867 753 924 nostrarum
768 851 1009 924 Ecclesiarum
1024 873 1143 946 veram
1160 861 1196 918 et
1245 874 1391 944 prorsus
1413 855 1618 938 concidere,
1650 869 1814 946 aegrotus
1835 857 1943 926 etiam
1973 847 2094 925 animo
2123 856 2244 951 linqui

73 1047 76 1056 y
199 971 332 1032 rectam
347 981 438 1038 esse,
465 971 500 1030 et
517 959 640 1026 dextre
652 955 879 1046 explicatam,
901 955 1037 1024 addens
1057 965 1091 1021 et
1108 946 1195 1020 haec
1246 955 1380 1046 coepit,
1411 971 1446 1028 et
1466 959 1563 1052 quod
1588 957 1705 1048 graeei
1726 959 1851 1029 dieunt
1878 959 2134 1056 λειποψυχεῒν,
2168 956 2246 1031 Re-

199 1061 319 1134 verba.
370 1059 411 1132 Si
433 1061 569 1130 morior
589 1083 706 1144 nunc,
738 1057 911 1148 singulari
932 1054 999 1126 Dei
1023 1052 1193 1124 beneficio
1247 1071 1384 1128 creatus
1401 1072 1519 1128 tamen
1538 1060 1582 1129 iis
1596 1061 1713 1130 modis
1729 1062 1860 1156 quibus
1876 1074 2035 1152 oportet,
2061 1060 2170 1131 iacuit
2193 1061 2244 1131 ita

199 1162 399 1259 praeripier
424 1161 715 1254 impendentibus
748 1161 852 1231 malis
886 1174 920 1230 et
952 1158 1099 1251 quidem
1126 1149 1195 1226 hoc
1246 1159 1505 1253 aliquantisper
1535 1163 1729 1255 quiescens.
1791 1161 1989 1257 Aliquanto
2014 1176 2095 1258 post
2117 1160 2245 1260 cen⁴⁰)

199 1279 401 1338 monstroso
425 1289 520 1334 anno
545 1278 693 1344 naturae
707 1259 761 1354 ³⁵).
812 1260 976 1355 Cumque
997 1258 1144 1350 solicitis
1160 1271 1196 1328 et
1247 1277 1469 1354 experrectus
1491 1287 1532 1336 ex
1548 1261 1590 1363 ⁴¹)
1615 1290 1742 1337 somno
1764 1289 1909 1356 precum
1932 1288 2079 1337 enarum
2102 1267 2247 1337 formu·

199 1369 314 1440 llebili
334 1391 421 1438 voce
437 1367 682 1460 pronunciatis
700 1365 864 1458 precibus
878 1360 1072 1443 Ecclesiam
1087 1355 1195 1432 Chri·
1246 1364 1338 1450 lam,
1362 1390 1432 1460 qua
1448 1369 1610 1460 qnotidie
1625 1371 1815 1450 utebatur,
1840 1371 2038 1462 repetebat,
2065 1382 2098 1439 et
2114 1369 2247 1438 recita.

200 1472 246 1544 sti
268 1471 427 1540 fidelium
448 1471 523 1540 filio
546 1470 613 1542 Dei
637 1471 933 1552 commendasset,
958 1461 1116 1556 hospites
1138 1485 1196 1532 se·
1246 1467 1307 1536 bat
1330 1481 1464 1555 totam,
1498 1493 1586 1542 voce
1606 1472 1749 1565 quidem
1774 1472 2023 1557 submissiore,
2049 1471 2099 1540 sie
2123 1485 2248 1544 tamen

201 1576 325 1646 cedere
338 1573 498 1643 volentes
513 1566 573 1670 ³⁰),
597 1586 637 1642 ut
654 1596 771 1642 seeum
788 1572 1022 1663 pranderent,
1048 1565 1195 1656 rogabat
1247 1581 1288 1639 ut
1300 1570 1439 1660 singula
1456 1575 1564 1644 verba
1579 1576 1852 1656 exaudirentur,
1878 1588 1986 1668 atque
1999 1587 2040 1644 ut
2053 1596 2249 1664 cognosca-

200 1679 364 1748 futurum
392 1677 531 1760 dicens,
556 1688 596 1746 ut
615 1690 647 1744 et
662 1688 849 1770 conspectu
865 1673 1045 1763 ipsorum,
1073 1681 1106 1738 et
1120 1691 1195 1738 ser·
1246 1684 1308 1742 tur
1329 1675 1375 1744 ab
1395 1675 1582 1762 omnibus,
1613 1677 1729 1770 qualis
1752 1701 1802 1747 ca
1814 1677 1859 1748 sit
1877 1691 1912 1748 et
1929 1677 2017 1770 quid
2034 1677 2157 1769 paucis
2172 1677 2250 1746 illis

200 1780 371 1850 monibus
387 1773 429 1874 ³⁷)
472 1777 686 1848 invitaretur
725 1778 770 1846 ad
802 1774 939 1868 aliquid
969 1771 1195 1864 gustandum·
1246 1787 1329 1844 ante
1350 1775 1483 1847 exitum
1504 1803 1546 1849 ex
1571 1773 1637 1849 hac
1659 1781 1731 1850 vita
1755 1799 1860 1850 suum
1889 1774 1987 1849 horis
2010 1779 2165 1850 oraverit
2189 1780 2249 1848 vir

200 1879 279 1954 Etsi
301 1882 419 1974 itaque
440 1880 632 1971 prandium
649 1875 688 1948 hi
704 1879 956 1951 condicebant:
982 1889 1195 1945 tamencum
1247 1878 1405 1968 optimus
1425 1893 1459 1950 et
1484 1875 1742 1968 sanctissimus,
1768 1883 1941 1971 integram
1965 1882 2064 1950 illam
2081 1876 2250 1952 hocloco

201 1986 291 2056 alter
313 2008 435 2054 eorum
459 1983 594 2054 interea
610 1983 784 2060 nuncium
799 1979 987 2072 accepisset
1002 1980 1046 2049 de
1066 1976 1194 2046 morbo
1248 1979 1459 2072 descriptam
1478 1983 1704 2060 subiecimus.
1744 1982 1862 2056 Deum
1878 1985 1989 2074 igitur
2001 1985 2172 2054 invocans
2189 1979 2250 2054 his

202 2086 316 2172 filiae,
353 2099 388 2157 et
413 2079 622 2178 Philippum
655 2097 736 2176 post
761 2103 797 2153 se
824 2083 945 2180 timum
971 2077 1098 2151 horam
1124 2079 1195 2146 iam
1248 2105 1394 2173 precum
1410 2085 1529 2155 verbis
1544 2100 1621 2157 turn
1636 2111 1722 2159 usus
1743 2102 1806 2162 est.

202 2189 431 2280 corripuisset
457 2213 533 2258 nou
563 2179 689 2268 πάθος
706 2108 853 2270 febrile,
887 2185 947 2254 sed
970 2183 1094 2272 ingens
1116 2181 1196 2248 lan-

201 2315 309 2384 guor,
341 2291 484 2361 nonita
508 2291 622 2361 molto
649 2301 728 2380 post
749 2283 954 2378 aPhilippo
976 2299 1194 2378 postremum

203 2395 354 2466 salutato
370 2391 552 2464 resalutati
567 2415 647 2460 cum
663 2391 721 2483 pia
737 2390 1002 2472 benedictione,
1028 2387 1197 2458 discesse-

202 2509 289 2568 runt
303 2489 357 2588 ³⁸).
405 2492 661 2566 Convenerunt
676 2494 720 2562 ad
738 2517 818 2562 eum
832 2506 908 2562 tum
926 2489 971 2562 D.
987 2488 1113 2560 Pastor
1127 2483 1197 2556 Ec-

1319 2209 1444 2276 (l’reees.
1463 2231 1533 2284 quae
1548 2233 1624 2269 nnne
1642 2225 1806 2286 amnentur,
1824 2215 1858 2270 ad
1871 2217 1986 2273 verbum
1999 2215 2169 2273 conveniunt
2183 2237 2249 2274 cnm

1351 2283 1442 2363 verbis
1457 2282 1637 2356 germanicis,

1349 2359 1431 2404 emm
1451 2351 1480 2404 in
1498 2351 1555 2406 Mel
1584 2353 1607 2406 C
1660 2303 1745 2407 quare
1763 2305 1812 2340 eas
1829 2285 1874 2342 hie
1891 2286 2073 2360 praetermisi.
2108 2283 2250 2360 leguntur

1558 2392 1566 2408 .
1609 2373 1659 2408 ons

1662 2353 1987 2428 umanum,

204 2598 331 2670 clesiae
352 2609 502 2668 nostrae·
517 2621 599 2668 cum
624 2595 762 2688 aliquot
777 2591 949 2666 Diaconis
965 2605 1000 2664 et
1015 2591 1198 2664 Prolesso·
1231 2633 1234 2640 ·

111 2737 118 2752 ·
204 2723 261 2774 res
282 2701 444 2794 plerique
463 2723 535 2770 una
560 2723 641 2770 curn
665 2698 744 2768 aliis
766 2699 981 2790 quibusdam
1003 2692 1198 2787 compluri-

203 2805 289 2889 bus,
311 2827 464 2896 quorum
489 2802 602 2896 aliqui
617 2795 658 2898 ³⁹)
684 2801 750 2870 sub
775 2795 900 2870 horam
921 2821 1055 2868 nonam
1072 2818 1199 2866 avoca·

204 2907 338 2980 bantur
361 2908 407 2976 ad
433 2905 644 2976 solvendum
669 2902 826 2995 precium
850 2926 915 2993 pro
939 2897 1128 2970 frumentis
1155 2899 1199 2966 de

207 3007 381 3080 sententia
414 3001 451 3078 et
482 3007 582 3100 quasi
615 3030 657 3076 ex
684 3017 893 3074 testamento
921 3003 1032 3094 ipsius
1059 3000 1200 3094 publice

206 3111 394 3202 coemptis,
425 3110 516 3204 qnae
530 3123 607 3180 tum
623 3103 911 3194 advehebantur,
933 3108 977 3176 de
994 3105 1125 3199 qivibus
1140 3127 1201 3174 su-

240 3411 289 3479 85)
307 3411 338 3468 ln
358 3412 402 3468 ed.
416 3411 443 3468 2.
462 3411 499 3466 ita
517 3411 584 3466 baec
604 3409 750 3482 legunture
781 3409 892 3484 „Paulo
906 3416 967 3483 post
979 3409 1012 3463 ab
1028 3407 1123 3464 amieis
1136 3405 1203 3480 qni-

1319 2555 1417 2630 Haee
1440 2583 1520 2630 cum
1536 2559 1585 2631 ita
1602 2577 1818 2654 perorasset,
1845 2566 2021 2660 acquievit
2042 2567 2251 2662 aliquantu-

1249 2662 1344 2750 lum,
1378 2675 1495 2754 postea
1521 2663 1670 2736 sublatis
1694 2667 1807 2737 oculis
1831 2669 1876 2738 ad
1900 2693 2069 2759 generum
2096 2694 2252 2740 conver-

1251 2788 1329 2848 sus,
1361 2759 1461 2856 Ego,
1494 2765 1633 2860 inquit,
1666 2767 1706 2838 in
1732 2782 1848 2840 morte
1874 2771 1948 2858 lui,
1981 2773 2041 2842 sed
2067 2769 2252 2843 Dominus

1251 2868 1444 2938 clementer
1466 2869 1613 2939 retraxit
1638 2894 1707 2944 me.
1758 2869 1838 2943 Hoc
1865 2874 1931 2952 etsi
1952 2875 1996 2944 de
2021 2876 2254 2966 praecedenti

1252 2969 1410 3064 deliquio
1434 2970 1546 3040 animi
1569 2971 1876 3064 intelligebamus,
1908 2990 2026 3048 tamen
2042 3000 2123 3046 cum
2139 2978 2178 3046 id
2196 3003 2255 3048 se-

1252 3073 1371 3143 eundo
1402 3086 1577 3164 repeteret
1606 3076 1652 3146 ad
1684 3076 1774 3147 alios
1808 3079 1933 3166 etiam,
1970 3078 2254 3172 suspicabamur

1253 3200 1334 3246 eum
1349 3188 1426 3246 tum
1441 3177 1557 3248 luctae
1570 3177 1706 3272 aliquid
1722 3179 1943 3257 sustinuisse.
1995 3179 2087 3254 Cum
2102 3205 2189 3272 ergo
2209 3207 2254 3253 ex

1253 3279 1450 3350 astantibus
1467 3303 1561 3350 nnus
1577 3280 1726 3356 diceret:
1753 3279 1861 3354 Nulla
1878 3309 1976 3355 nunc
1994 3285 2251 3358 condemnatio

1252 3377 1329 3468 his,
1361 3381 1424 3476 qui
1452 3382 1492 3450 in
1515 3377 1659 3454 Christo
1686 3381 1765 3455 lesu'
1797 3387 1993 3461 ambulant.
2063 3383 2142 3480 lpse
2166 3413 2255 3458 mox

275 3483 391 3539 busdam
410 3480 578 3554 hospitibus,
601 3479 648 3552 qui
667 3480 777 3534 adeum
793 3479 940 3532 videndum
953 3476 1061 3550 Torgae
1077 3495 1201 3532 excurre·

277 3561 348 3614 rant.
366 3551 541 3608 salutabatur.
561 3549 594 3603 lli
608 3559 686 3609 erant
700 3549 796 3603 Pastor
811 3546 948 3602 Ecclesiae
960 3547 1019 3602 eius
1030 3547 1123 3632 qppidi
1139 3565 1202 3600 curn

276 3621 350 3678 eolla
369 3640 384 3674 a
423 3623 524 3676 nodam
544 3635 612 3683 suo,
635 3627 668 3700 et·
680 3619 764 3672 Dect.
779 3619 954 3700 Kentrnaqno
971 3615 1093 3672 Medico.
1131 3615 1201 3698 Cum

276 3693 318 3747 bis
338 3641 385 3746 ile
403 3639 577 3744 lamiliariter
596 3706 689 3772 sparso
711 3687 797 3740 lerme
817 3686 946 3770 dsmsdsae
966 3684 1053 3740 horae
1070 3685 1203 3768 deparus

276 3760 359 3814 rebus
378 3768 405 3814 et
426 3758 463 3814 ita
483 3759 625 3844 colloque,
653 3767 683 3811 ut
704 3767 853 3840 praesentia
873 3755 970 3876 borprn
993 3755 1122 3878 delecplarv
1140 3773 1201 3837 epm

277 3837 485 3955 :ttt‘ttztatt
502 3825 856 3962 litt‘tltttitttt
878 3825 1203 3976 ltattssttssttt

278 3985 417 4023 sermones
434 3982 501 4022 sues
523 3983 553 4017 re
574 3965 678 4034 etebat,
701 3963 795 4018 sellai
815 3962 948 4045 beneficio
963 3973 1097 4034 privatam
1112 3979 1204 4035 aegu-

277 4035 402 4094 tudinsm
422 4034 526 4090 nullam
551 3983 665 4094 labere,
694 4031 741 4086 sed
761 4031 982 4116 considerationq
1002 4050 1036 4086 ac
1056 4043 1204 4102 conspectu

298 4106 455 4162 oblicorum
476 4101 611 4157 malorum
632 4111 744 4174 propter
764 4112 888 4172 posteros
909 4101 983 4158 allier
996 4111 1079 4173 atque
1094 4109 1203 4174 pertur-

297 4175 353 4240 ari,
390 4193 439 4228 uae
454 4171 568 4228 minime
584 4171 742 4226 necessariis
755 4167 950 4224 certaminibus
964 4179 1205 4253 commoueantur

279 4257 375 4319 apetu
388 4243 497 4300 antibus
516 4241 697 4314 quibusdam,
720 4249 746 4294 et
762 4240 819 4294 vim
840 4239 968 4322 afferrent
986 4239 1108 4306 veritate,
1136 4257 1206 4310 quae

151 4320 158 4334 ¹
279 4316 307 4370 in
327 4311 554 4370 contentionibus
574 4309 662 4366 amitti
681 4311 771 4394 solet,⁸
792 4305 949 4362 confirmare
963 4327 992 4362 se
1005 4317 1095 4362 tamen
1110 4308 1139 4392 in
1152 4309 1206 4363 boc

280 4381 377 4438 dolore
389 4401 455 4450 suo,
475 4381 548 4454 quod
563 4379 661 4448 seirat,
682 4381 837 4435 doctrsnam
851 4387 1005 4432 nostrarum
1023 4377 1205 4432 Eeclenarum

266 4463 373 4508 'veram
391 4470 448 4508 esse
466 4459 494 4504 et
513 4449 632 4506 dilucide
650 4451 819 4534 explicatam.
857 4445 954 4528 Postea
968 4445 1085 4502 addebat
1100 4457 1127 4503 et
1140 4446 1207 4529 bqec

280 4523 375 4577 verbas
405 4519 428 4573 si
450 4519 505 4590 jam
525 4519 648 4588 morior,
671 4517 801 4591 ungulari
822 4513 877 4570 Dei
899 4517 1032 4574 beneficio
1052 4517 1207 4589 praeripror

280 4590 358 4646 malis
373 4587 610 4712 impenqentibus,
634 4599 660 4644 et
672 4605 775 4644 annum
790 4583 868 4641 illum
888 4595 1075 4642 monstrosum
1094 4597 1207 4642 naturae

280 4679 382 4718 annum
395 4658 474 4732 appel
485 4658 573 4715 abst?

244 4765 295 4832 86)
305 4767 443 4852 ¹secedere
455 4763 597 4828 volentes]
615 4758 666 4818 lid.
678 4759 706 4815 2.
725 4759 791 4814 ilios
802 4761 983 4814 ds'sussuros.

246 4865 292 4938 87)
304 4867 441 4938 suturm
460 4865 633 4932 alternasse]
659 4863 709 4926 lid.
723 4863 749 4916 2.
768 4866 843 4932 qnod
861 4861 965 4915 diceret
981 4877 1011 4916 se
1024 4878 1144 4930 sperare
1150 4863 1206 4932 ju·

281 4947 380 4992 turum
396 4947 428 4991 ιιι
436 4933 603 5003 praesentia
619 4941 647 4986 et
657 4933 835 4996 sermons'bus
847 4933 985 5000 ι’ριοιιιηι.
1182 4959 1188 4970 ·

246 5041 292 5111 ⁸8)
310 5037 373 5094 nass
390 5023 648 5106 sisqueprandasm
664 5039 730 5102 ete]
748 5031 800 5087 Ed·
814 5033 840 5089 2.
854 5033 904 5088 itas
930 5037 989 5106 „ln
1002 5019 1136 5106 quocum
1153 5035 1206 5090 ob·

281 5107 402 5168 aeeutmi
419 5107 457 5162 illi
471 5116 574 5172 essent,
593 5101 712 5159 receuti
726 5103 807 5175 paulo
842 5111 884 5158 ost
894 5104 972 5157 luere
985 5104 1080 5159 litteris
1091 5123 1205 5160 snorum

301 5187 393 5248 repter
404 5175 538 5248 pericula,
565 5190 637 5296 qnae
657 5171 686 5227 in
702 5171 810 5228 familiis
823 5121 923 5228 borum
943 5171 1034 5257 subito
1048 5174 1206 5258 extitissent.

281 5199 422 5330 lhilipprs
435 5252 526 5300 antam
540 5262 570 5297 su
605 5242 678 5297 idem
691 5251 798 5314 tempus
811 5253 929 5297 extreme
943 5241 1076 5297 debshtars
1097 5242 1205 5311 inaspe-

1254 3483 1429 3555 subdebat
1444 3479 1508 3580 ⁴²):
1557 3480 1722 3558 Christus
1756 3488 1870 3562 factus
1902 3504 1955 3562 est
1984 3489 2090 3560 nobis
2124 3514 2144 3559 a
2171 3487 2255 3561 Deo

1254 3586 1447 3680 sapientia,
1488 3585 1646 3671 iusticia,
1682 3592 1930 3680 sanctificatio,
1970 3606 2005 3664 et
2037 3593 2257 3684 redemptio.

1255 3687 1305 3762 Ut
1319 3690 1619 3783 quemadmodum
1638 3693 1809 3786 scriptum
1825 3710 1892 3767 est:
1931 3693 2006 3786 Qui
2020 3693 2196 3786 gloriatur
2212 3697 2254 3764 in

1254 3787 1411 3864 Domino
1434 3792 1617 3883 glorietur.
1667 3789 1717 3866 Et
1733 3820 1835 3892 saepe
1851 3793 1915 3868 has
1933 3823 2035 3870 voces
2051 3799 2254 3890 repetebat:

1254 3889 1410 3966 Domine
1424 3893 1591 3965 miserere
1608 3897 1698 3968 mei!

1356 3995 1486 4068 Pulsus
1503 4011 1620 4068 autem
1636 4022 1845 4070 evanescere
1861 4015 1895 4074 et
1912 4016 2066 4076 extrema
2086 4007 2253 4078 membra

1257 4099 1461 4190 frigescere,
1485 4101 1670 4192 respiratio
1684 4102 1789 4174 etiarn
1804 4103 1881 4174 lieri
1899 4107 2127 4196 concitatior,
2152 4111 2255 4180 oculi

1258 4218 1292 4274 et
1306 4203 1421 4294 iuguli
1436 4203 1762 4299 subsidere„atque
1777 4205 1899 4278 omnia
1916 4209 1953 4278 in
1971 4233 2130 4298 summa,
2150 4236 2255 4283 mor-

1258 4321 1327 4377 tem
1345 4305 1582 4400 propinquam
1605 4311 1811 4396 ostendere,
1837 4333 1952 4404 neque
1973 4315 2178 4410 paroxysmi
2196 4315 2253 4385 le-

1257 4408 1359 4478 brilis
1382 4409 1558 4492 recursio,
1590 4411 1651 4480 sed
1676 4411 1843 4482 debilitas
1864 4413 1921 4482 vel
1939 4415 2108 4508 collapsio
2131 4418 2256 4509 potius

1258 4511 1389 4581 virium
1413 4525 1567 4582 extrema
1585 4513 1721 4587 sentiri.
1763 4509 1865 4585 Nihil
1878 4529 1995 4590 tamen
2011 4517 2256 4606 omittebatur,

1259 4612 1349 4684 sicut
1363 4638 1428 4712 par
1441 4628 1513 4700 est,
1532 4615 1694 4686 omnium
1712 4641 1803 4710 quac
1818 4617 1895 4688 lieri
1911 4633 2076 4712 poterant
2090 4636 2126 4694 et
2141 4625 2256 4693 debe-

1258 4717 1358 4788 bant.
1385 4712 1508 4812 ltaque
1524 4731 1565 4788 ut
1579 4717 1714 4812 aliquid
1735 4719 1867 4788 virium
1881 4723 2123 4814 recolligeret,
2139 4725 2256 4796 inter-

1258 4819 1450 4910 rogabatur
1471 4842 1517 4888 an
1537 4817 1610 4888 cibi
1634 4819 1770 4914 aliquid
1794 4844 1971 4896 assumere
1992 4827 2121 4914 vellet,
2152 4829 2251 4922 quod

1260 4946 1339 4991 cum
1355 4920 1658 5011 interrogantibus
1676 4923 1913 5012 permitteret,
1934 4929 2086 5020 amplius
2102 4955 2254 5024 quaere-

1258 5023 1364 5094 batur
1375 5047 1421 5126 ιιι
1437 5023 1614 5093 iusculum
1626 5023 1744 5112 vellet,
1764 5051 1915 5121 cumque
1931 5045 2115 5118 annueret,
2132 5033 2253 5102 statim

1258 5138 1468 5220 apparatum
1489 5124 1559 5196 luit
1581 5149 1695 5196 unum
1721 5151 1762 5198 ea
1785 5131 1952 5203 cerevisia
1975 5131 2256 5226 Hamburgensi,

282 5337 328 5382 re,
352 5327 443 5388 rtaque
463 5313 516 5368 boc
531 5321 699 5384 postremum
713 5313 843 5376 salutato,
866 5310 1002 5366 resalutati
1017 5311 1058 5366 illi
1073 5311 1204 5368 discesse-
1291 5317 1337 5388 40)
1354 5323 1417 5385 een]
1437 5316 1526 5377 EM.
1544 5319 1635 5387 qnasi.
1716 5375 1718 5382 ,

282 5396 356 5451 runt,
375 5403 443 5456 quos
456 5393 483 5438 at
495 5382 547 5452 piis
560 5382 631 5437 votis
646 5380 701 5436 suis
716 5379 918 5452 proficiscentes
935 5391 974 5436 est
985 5379 1171 5452 prosecutus.”
1291 5403 1339 5471 41)
1358 5409 1409 5470 οἳ]
1427 5403 1478 5462 m,
1490 5403 1516 5458 ς,
1533 5405 1580 5460 ge·

247 5493 295 5564 99)
312 5505 431 5562 quorum
444 5486 546 5557 aliqui]
563 5483 614 5540 Ed.
627 5485 653 5541 2.
674 5501 713 5538 rs
725 5481 931 5558 Prqsessors'bus
944 5493 1042 5550 tamen
1054 5487 1170 5557 aliquot.
1292 5491 1339 5562 42)
1357 5491 1505 5560 subdebat]
1524 5488 1575 5548 Ed.
1587 5489 1614 5549 2.
1631 5491 1801 5548 sutiisledat.
