4638 6176
257 212 333 336 so't

261 436 328 508 No.
341 435 428 508 208.

266 533 439 564 m
560 540 566 551 ν
1013 533 1253 568 m

332 621 445 710 Sebeda
457 651 566 726 publice
580 649 657 706 slfirs
675 653 712 704 de
724 647 841 716 natast,
862 648 934 722 apud
948 649 1078 710 Vincerat.
1096 669 1124 724 p.
1144 651 1188 707 71.
1208 651 1249 706 le·
1337 711 1340 719 s

300 779 302 782 ,
363 724 437 795 gitur
456 727 485 780 in
503 721 583 792 epist.
596 720 665 777 Mel.
678 720 741 776 Vol.
757 720 789 773 V.
806 738 834 792 p.
846 717 908 776 892.

272 1065 340 1134 No.
355 1065 441 1136 209.

261 1163 462 1194 m
1071 1153 1243 1184 m

328 1283 411 1356 Apud
430 1259 558 1337 Vincerat.
575 1293 601 1346 p.
613 1275 656 1332 45.

317 1449 378 1518 Da
400 1447 439 1520 S.
465 1436 672 1515 Iohanne
697 1440 948 1528 Baptista,
982 1434 1190 1510 iambicum
1245 1499 1251 1511 .

636 1543 862 1612 Dtmetmm.

468 1695 623 1769 Aeterno
640 1690 769 1782 gratias
785 1690 878 1780 patri

414 1799 552 1872 Omnes
567 1809 695 1865 canant
711 1789 899 1874 Ecclesiae,

412 1903 519 1994 Quod
538 1897 709 1968 nuncium
725 1896 825 1964 verbi
841 1897 897 1964 sui

408 2002 609 2077 Iohannem
625 1998 730 2067 nobis
746 1997 892 2072 miserit.

355 2149 391 2178 -,
463 2105 536 2176 Hic
549 2123 666 2172 mores
683 2099 762 2168 exui
778 2100 890 2168 malos

372 2247 379 2262 ·
409 2209 535 2292 lussit,
560 2217 727 2296 metuque
744 2199 873 2288 ludicis

408 2311 497 2386 Mox
515 2305 671 2377 adfuturi
686 2303 812 2373 terruit

409 2411 588 2506 Superbas
603 2419 737 2476 mentes
751 2404 923 2476 omnium.

449 2511 673 2604 ¹Rursusque
689 2507 867 2600 perculsos
882 2517 990 2592 metu,

396 2615 454 2692 ln
470 2639 567 2708 spem
581 2611 673 2682 vitae
690 2623 819 2680 certam
837 2621 948 2689 vocat,

406 2718 457 2794 Et
473 2727 647 2805 monstrat
662 2736 792 2802 agnum
810 2711 921 2801 digito
1028 2713 1030 2716 ’

410 2821 486 2913 Qui
499 2821 614 2913 placat
629 2817 756 2885 unicus
769 2813 898 2887 Deum.

462 2921 561 2998 Haec
578 2919 638 2988 ille
653 2917 755 2986 firmo
771 2929 912 3006 pectore

406 3025 537 3110 Docet,
563 3035 598 3092 et
612 3014 794 3092 Christum
813 3017 991 3109 praedicat

406 3128 562 3210 Venire,
586 3145 648 3193 ceu
664 3121 784 3192 Solem
800 3143 945 3206 novum,

406 3229 558 3302 Pro'dire
576 3246 704 3295 aurora
720 3222 876 3296 nunciat.

461 3330 535 3402 Nec
550 3323 731 3398 Pharisaei
748 3324 912 3416 spiritum

406 3433 606 3524 Fregerunt
621 3429 799 3518 ingentem
817 3425 897 3510 viri,

406 3535 532 3608 Helias
549 3533 637 3602 alter
649 3526 709 3600 hic
723 3529 802 3612 fuir,

408 3635 622 3733 Hypocritas
639 3646 722 3702 tunc
738 3627 863 3720 arguit.

462 3739 516 3810 Te
532 3759 667 3807 summo
683 3755 847 3822 rogamus
862 3741 971 3823 pater,

405 3840 455 3920 Ut
471 3842 576 3910 eorda
594 3849 714 3906 nostra
731 3833 887 3911 suscites,

370 3957 373 3962 ’
405 3941 456 4014 Ut
471 3965 552 4011 vere
567 3940 705 4032 possint
718 3937 860 4005 credere

404 4039 579 4118 Iohannis
591 4038 803 4113 testimonio.

251 4239 1238 4274 Wae--pm

251 4398 423 4525 Q

1066 4390 1237 4509 Q

320 4617 401 4692 Apud
421 4613 550 4672 vincent.
567 4631 594 4684 p.
606 4611 641 4666 ts
657 4563 699 4684 aqi

424 4777 485 4850 De
508 4773 635 4868 Maria
659 4771 841 4839 visitante
864 4761 1067 4840 Elisabeth.

459 4922 614 4998 Aeterne
628 4919 758 5010 gratias
772 4919 840 4988 tihi

405 5030 577 5103 Dicamus
593 5043 717 5092 omnes
732 5022 907 5108 conditor,

334 5117 338 5126 ’
406 5129 514 5221 Quod
532 5129 625 5196 inter
640 5120 758 5194 hostes
774 5121 946 5215 plurimos

403 5231 598 5306 Ecclesiam
614 5249 732 5296 servas
748 5239 875 5298 tamen.

453 5331 502 5404 Ut
516 5333 609 5402 inter
622 5351 719 5398 arma
736 5327 896 5416 gentium

403 5435 579 5520 Herodis,
604 5445 640 5504 et
654 5429 834 5516 satellites,

956 251 1279 334 CARMINUM
1328 257 1435 335 LlB.
1460 258 1539 336 111.

1006 435 1133 504 24.lon.
1152 438 1250 507 1544.
1352 433 1354 442 ’

1455 433 1623 532 Interque
1636 451 1744 512 tetros
1761 442 1967 534 dogmatum

1455 537 1630 628 Furores,
1656 557 1690 614 et
1708 545 1847 620 deliria.

1505 641 1631 714 Servas
1648 644 1803 717 Mariam
1820 651 2009 741 virginem:

1454 740 1682 841 Domumque
1696 765 1810 820 castae
1826 748 2024 845 Elisabeth,

1456 843 1557 934 Quae
1572 853 1778 941 praedicant
1795 878 1926 927 munus
1945 873 2046 930 tunm

1452 949 1654 1045 Datumque
1668 949 1851 1026 Christum
1867 963 2050 1038 nunciant.

1506 1049 1587 1124 Non
1604 1053 1769 1125 Pontifex
1786 1083 1860 1138 non
1877 1061 2058 1160 Princeps,

1454 1150 1535 1224 Etsi
1550 1156 1665 1228 sciunt
1680 1161 1823 1230 oracula

1457 1255 1605 1344 Vatum,
1631 1261 1768 1331 venisse
1784 1281 1957 1337 noverant

1454 1357 1586 1430 Salutis
1602 1358 1788 1432 authorem
1803 1389 1927 1440 novae.

1471 1469 1474 1482 '
1509 1461 1580 1533 Sed
1597 1465 1711 1535 dulcis
1725 1461 1811 1536 haec
1827 1465 2024 1554 Elisabeth,
2105 1497 2107 1500 ·

1452 1560 1501 1634 Et
1514 1565 1663 1654 virginis
1681 1570 1880 1658 congressio

1454 1661 1594 1738 Arcana
1612 1671 1744 1760 promit
1760 1674 1905 1742 caeteris

1453 1765 1548 1837 Vere
1565 1771 1683 1840 Deum
1700 1773 1908 1849 colentibus.

1400 1945 1402 1950 χ
1508 1870 1672 1966 Alvoquc
1689 1874 1803 1946 soetus
1821 1878 1987 1949 conditus

1453 1970 1578 2064 Longo
1595 1978 1816 2047 sacerdotnm
1832 1981 1965 2068 agmini

1454 2075 1624 2164 Agnoscit
1639 2080 1800 2168 ignotum
1815 2082 1953 2164 ducem,

1454 2172 1592 2250 Adorat
1606 2193 1638 2249 et
1654 2194 1752 2269 gestu
1769 2207 1844 2253 stro.

1507 2280 1604 2351 Haec
1620 2285 1733 2373 prima
1751 2289 1907 2380 synodus
1922 2292 2001 2378 fuit,

1454 2379 1596 2454 Testata
1613 2388 1655 2454 de
1672 2382 1814 2458 Christo
1833 2391 1933 2473 duee,

1452 2481 1648 2580 Postquam
1665 2503 1795 2560 statuto
1811 2505 1968 2586 tempore

1453 2584 1613 2659 Verbum
1631 2589 1745 2661 Pettis
1761 2595 1958 2670 factumest
1974 2599 2083 2682 Caro.

1492 2673 1664 2762 'Accensa
1681 2695 1893 2766 testimoniis

1449 2786 1493 2862 ln
1510 2796 1617 2864 corde
1631 2809 1753 2866 nostro
1767 2800 1909 2888 talibus,

1450 2891 1555 2968 Colat
1571 2897 1656 2968 lidcs
1670 2914 1703 2970 et
1718 2900 1860 2974 intocet

1449 2993 1634 3069 Christum
1651 2999 1788 3072 Mariae
1805 3006 1930 3082 filium.

1504 3095 1693 3195 Opemque
1707 3126 1769 3195 spe
1785 3106 1885 3180 firma
1902 3127 2011 3203 petat,

1450 3199 1673 3296 Missumque
1689 3209 1808 3278 credat
1825 3211 1979 3302 aPatre,

1450 3301 1498 3373 Ut
1513 3305 1718 3376 invocantes
1732 3311 1875 3384 adiuvet
1997 3361 2002 3373 ι

1450 3404 1628 3501 Malisque
1646 3415 1781 3482 cunctis
1796 3414 1934 3496 liberet.

1297 3631 2256 3666 Ἢ
2288 3675 2289 3688 t

1294 3777 1360 3852 No.
1375 3780 1463 3852 ΞΗ.

1302 3877 1474 3904 Μ.
2130 3799 2254 3926 „et

1363 3997 1529 4051 Gratutotio
1543 3999 1676 4070 coniugii,
1696 4020 1764 4074 quae
1778 4005 1850 4078 apud
1863 4006 1945 4068 Viae.
1958 4034 1985 4086 p.
1996 4019 2057 4078 177.
2070 4018 2096 4074 le
2114 4019 2177 4088 itur,
2192 4017 2219 4071 erl
2230 4015 2254 4067 lo.
2288 3967 2289 3978 ¹

1396 4067 1541 4138 Stigelium
1553 4071 1654 4144 scripta
1666 4084 1722 4143 est,
1743 4082 1772 4129 et
1783 4075 1885 4148 legitur
1897 4081 1928 4135 in
1941 4103 2004 4162 epp.
2019 4088 2081 4146 Vol.
2094 4039 2124 4158 ξ’.
2141 4109 2163 4162 p.
2171 4087 2219 4143 tat.

1303 4265 2250 4305 Ἥ

1294 4401 1361 4479 Νο.
1377 4407 1466 4480 212.

1300 4499 1473 4534 m
2126 4431 2255 4558 ue

1364 4623 1465 4756 Veqqqq
1472 4627 1680 4774 tldpililiim
1700 4633 1739 4703 (si
1761 4644 1825 4691 sunt
1838 4637 2047 4716 Melautbonis)
2061 4645 2117 4708 vid.
2129 4645 2156 4701 in
2167 4639 2257 4716 epistolis

1301 4891 2253 4930 Μ

1293 5033 1359 5110 Νο.
1374 5039 1463 5113 213.

1299 5133 1471 5164 W

2134 5057 2255 5181 affl.

1414 5184 1417 5194 t

1360 5253 1712 5407 *Pirsvlli‘l'ssltiit
1729 5261 1834 5406 illiniri
1852 5271 2073 5412 {hillidii
2089 5272 2257 5401 {illita}

1395 5393 1449 5448 Sed
1470 5393 1626 5450 mutilatum
1647 5406 1695 5453 est.
1732 5401 1872 5477 lntegrum
1893 5429 2002 5466 carmen
2025 5417 2148 5471 dedimus
2160 5431 2226 5483 supra
2236 5409 2256 5461 ir

1394 5461 1517 5534 epistolis
1530 5463 1596 5524 vot.
1608 5466 1641 5521 V.
1663 5483 1690 5537 p.
1702 5467 1778 5542 Ἀθη
1804 5473 1851 5530 ubi
1870 5496 1901 5533 es
1923 5480 2037 5554 epistole
2056 5479 2257 5550 sternentium
