4674 6162
89 273 156 348 ue
273 267 728 370 tetstonatsutt,
755 268 1129 370 lUDlCIORUM
1153 269 1229 352 ΕΤ
1255 269 1650 360 scutrrossuu
1698 279 1807 364 utu
1839 283 1946 366 xttt.
2057 289 2130 364 tre

90 463 247 521 movetur
264 451 307 520 ad
325 448 593 522 detestationem
610 448 755 542 peccati.
806 445 899 523 Nam
916 447 1082 542 impossl-
1132 449 1322 544 lectionem
1344 447 1500 526 iustitiae
1534 452 1640 525 nobis
1669 479 1734 548 per
1755 453 1943 536 Chdstun
1968 485 2129 546 commu.

88 555 152 624 bile
170 568 225 625 est
249 552 308 648 (ιιι
331 551 450 648 inquit
472 549 711 647 Augustinus)
735 573 865 622 novam
890 552 996 624 vitam
1016 553 1082 622 in-
1132 553 1281 630 nicetae.

88 651 231 746 chaere,
259 655 327 726 nisi
346 653 478 748 prioris
492 680 558 730 nos
574 654 777 752 poeniteat..
1674 705 1689 730 .

1232 753 1315 834 Etsi
1328 773 1446 835 eutem
1463 759 1571 856 isqui
1590 761 1817 854 iustificetur,
1844 769 2020 845 iusticiam
2034 777 2126 852 ecci-

183 859 274 932 ltem
290 857 409 930 hiere
430 853 738 930 nltimoGhristus
761 857 860 932 iubet
883 857 1081 968 praedicari
1131 860 1184 954 pit
1208 877 1245 934 et
1278 857 1385 936 habet
1415 887 1482 956 per
1505 860 1710 960 Christum,
1750 871 1857 942 etiarn
1889 870 2123 964 inherenteur,

89 969 121 1036 in
142 964 292 1034 nomine
315 963 391 1033 eius
414 961 669 1053 poenitentiam
685 973 719 1032 et
734 959 979 1038 remissionem
1000 987 1081 1054 pec·
1130 963 1222 1036 sicut
1253 965 1343 1037 dicit
1376 968 1574 1058 apostolus:
1617 965 1744 1041 ahten
1778 975 1879 1062 estis,
1917 981 2124 1058 sanctificati

90 1083 254 1140 catorum.
308 1059 486 1137 lohannes
504 1061 615 1134 etiam·
626 1061 785 1158 Baptista
805 1065 934 1134 missus
951 1067 995 1137 ad
1018 1091 1080 1160 pa·
1129 1069 1229 1148 estis,
1255 1068 1434 1146 iustificati
1455 1071 1559 1163 estis.¹
1604 1070 1725 1163 Quare
1748 1079 1860 1162 sancti
1883 1093 1999 1172 patres
2019 1085 2124 1157 iusti.

88 1173 214 1242 raudas
237 1169 313 1240 vias
328 1168 466 1239 domini
487 1167 703 1259 praedicavit
721 1165 1006 1263 poenitentiam,
1022 1169 1079 1238 in·
1127 1169 1225 1240 teari
1249 1171 1353 1246 etiarn
1378 1196 1443 1263 pro
1467 1179 1507 1242 e'o
1528 1177 1623 1267 quod
1639 1191 1689 1247 est
1706 1171 1929 1252 inherentem
1945 1184 2122 1258 iustitiam

89 1275 225 1370 quiens,
259 1270 515 1366 poenitentiam
541 1269 653 1360 agite,
687 1269 952 1366 adpropinquat
981 1271 1078 1342 euim
1128 1272 1286 1364 accipere
1308 1290 1538 1366 usurparunt.
1599 1276 1736 1348 Tamen
1758 1281 2014 1358 animantem
2037 1283 2123 1365 hnic

90 1401 230 1468 regnum
251 1376 444 1449 coelorum.
1127 1397 1203 1446 non
1224 1375 1414 1458 innititur,
1438 1380 1502 1448 sed
1520 1378 1588 1450 soli
1607 1379 1766 1452 iusticias
1782 1379 1919 1459 Christi
1934 1391 2041 1470 uobis
2056 1393 2123 1464 do·

273 1545 278 1557 ,
398 1547 405 1564 ‚
1128 1489 1247 1562 natae,
1273 1478 1434 1574 sineque
1448 1481 1551 1552 nulla
1568 1482 1717 1563 omnino
1735 1499 1805 1572 est,
1830 1485 1991 1574 necesse
2007 1507 2123 1586 petest

179 1581 328 1655 Deinde
360 1605 381 1652 a
417 1578 544 1674 spiritu
577 1593 698 1654 sancto
724 1593 890 1659 movetur
923 1577 1079 1663 hominis
1126 1578 1279 1656 iusticia.
1324 1577 1439 1652 Etsic
1454 1583 1524 1654 lide
1538 1583 1576 1654 in
1591 1579 1773 1671 Christum
1791 1588 2034 1683 justificamur,
2060 1620 2122 1669 seu

93 1712 178 1759 nens
205 1687 244 1755 in
269 1687 376 1754 deum
392 1708 456 1776 per
470 1677 673 1772 Christum,
695 1673 801 1756 ethic
816 1699 934 1758 motus
950 1700 1001 1756 est
1017 1710 1080 1780 per
1126 1697 1334 1774 reputamur
1356 1681 1459 1765 iusti,
1492 1683 1527 1754 id
1555 1699 1625 1769 est,
1657 1689 1810 1782 accepti,
1843 1710 1988 1789 propter
2010 1699 2121 1792 ipatus

90 1793 208 1870 fidem,
246 1813 310 1882 per
341 1811 447 1885 quam
483 1780 642 1856 hominis
675 1809 775 1856 mens
808 1803 904 1860 certo
931 1792 1078 1878 credens
1126 1787 1263 1870 merita,
1283 1810 1356 1862 non
1373 1801 1519 1879 propter
1531 1803 1690 1862 nostram
1703 1791 1911 1882 dignitatem
1925 1812 1987 1872 aut
2000 1777 2121 1895 opera.

88 1895 251 1964 omnibus
263 1887 355 1984 qoae'
369 1887 497 1958 tradita
512 1902 629 1959 sunta
647 1885 734 1972 Deo,
760 1888 865 1958 ctiam
884 1891 1077 1961 certissime
1125 1881 1175 1958 Et
1194 1901 1340 1981 propter
1364 1881 1588 1962 inherentem
1604 1890 1779 1974 iusticiam
1798 1919 1840 1968 eo
1854 1899 1940 1972 iusti
1956 1903 2121 1992 dicimur,

88 2015 115 2070 ct
127 1999 207 2068 sine
225 1993 338 2064 dubio
357 1992 557 2062 adsentitur
573 1991 869 2081 promissionibus
892 1993 997 2062 nobis
1018 2019 1077 2064 ex·
1126 1989 1209 2084 quia
1226 2015 1316 2084 quae
1332 1990 1421 2084 iusta
1440 2006 1524 2065 sunt
1541 2017 1741 2086 operamur,
1765 1996 1862 2090 iuxta
1878 2001 1970 2076 illud
1989 2001 2122 2096 [phan-

88 2099 208 2172 hibitis
231 2120 253 2167 a
279 2097 367 2175 deo,
402 2094 464 2190 qui
487 2106 527 2164 ut
550 2093 683 2165 dicitur
705 2093 744 2164 in
760 2094 916 2186 psalmo,
942 2092 1078 2166 Fidelis
1125 2091 1203 2175 nis,
1230 2093 1293 2186 qui
1307 2093 1391 2164 facit
1406 2094 1583 2166 iusticiam
1600 2095 1714 2172 iustus
1730 2112 1793 2174 est.
2030 2086 2033 2094 ⁵
2092 2086 2095 2094 ¹

88 2217 132 2275 est
158 2204 199 2271 in
230 2198 398 2270 omnibus
426 2195 544 2266 verbis
564 2195 646 2280 suis.
707 2193 755 2270 Et
779 2221 820 2266 cx
840 2221 885 2268 ‚eo
911 2197 1096 2276 fiduciam,

88 2307 172 2399 capit
191 2313 340 2396 propter
353 2297 624 2392 promissionem
642 2298 718 2384 dei,
744 2323 812 2395 qua
832 2299 1079 2392 pollicitus.est
1229 2292 1278 2368 Et
1292 2321 1506 2392 quamquam
1523 2298 1562 2368 in
1579 2299 1710 2372 renatis
1726 2325 1864 2395 semper
1880 2329 2032 2382 crescere
2055 2313 2118 2385 de-

88 2437 118 2480 se
139 2407 251 2500 gratis
271 2402 502 2474 remissurum
526 2413 683 2491 peccata,
708 2416 742 2474 et
763 2404 1014 2492 adoptaturum
1040 2403 1077 2471 in
1126 2401 1231 2488 bent,
1262 2401 1371 2472 timor
1393 2401 1470 2487 dei,
1502 2401 1741 2494 poenitentia,
1768 2399 1951 2482 humilitas
1971 2427 2006 2485 et
2028 2415 2117 2488 aliae

90 2517 175 2582 lilios
200 2509 383 2580 credentes
406 2504 444 2572 in
468 2497 672 2590 Christum,
704 2527 763 2575 eos
786 2505 954 2599 inquam,
988 2528 1077 2598 qnos
1126 2503 1292 2586 virtutes,
1319 2527 1398 2574 curn
1422 2505 1606 2575 renovatio
1630 2506 1674 2575 sit
1696 2506 1921 2601 imperfecta,
1947 2528 1982 2586 et
1998 2511 2119 2592 hereat

90 2613 213 2707 prioris
236 2611 331 2680 vitae
352 2606 579 2700 poenituerit.
631 2605 679 2676 Et
702 2601 768 2678 hac
792 2608 860 2676 lide
875 2607 1022 2696 erigitur
1038 2609 1076 2676 in
1127 2605 1165 2672 in
1184 2605 1234 2673 eis
1253 2605 1378 2694 ingens
1397 2605 1602 2693 iufirmitas3
1631 2621 1750 2679 tamen
1766 2611 1967 2686 docendum
1982 2631 2052 2706 est,
2077 2634 2117 2693 ut

94 2721 191 2788 dmm
213 2739 233 2784 a
257 2711 385 2806 spiritu
412 2723 551 2794 sancto,
585 2707 740 2803 ldeoque
763 2711 890 2801 accipit
912 2709 1076 2800 spiritum
1127 2707 1294 2800 quivere
1318 2706 1517 2800 poenitent,
1558 2731 1699 2798 semper
1722 2709 1790 2781 lide
1817 2715 2010 2790 certissima
2036 2745 2117 2794 sen-

96 2833 263 2901 oncrum,
287 2813 531 2884 remissionem
546 2825 778 2904 peccatorum,
806 2811 1077 2905 imputationem
1127 2809 1236 2894 bant,
1265 2833 1303 2878 se
1326 2823 1471 2902 propter
1493 2810 1723 2898 mediatorem
1746 2805 1929 2886 Christum
1951 2821 2018 2892 deo
2033 2825 2117 2918 pla.

99 2923 244 2996 iusticiae
262 2932 295 2988 et
313 2917 498 2986 innumera
518 2915 585 2984 alia
604 2915 708 2988 dona.
1128 2936 1217 2984 cere.
1271 2907 1365 3002 Quia
1380 2905 1545 2982 Christus
1567 2925 1618 2984 est
1638 2915 1875 3006 propiciator,
1903 2911 2065 3011 pomifer
2081 2907 2118 3000 et

1128 3015 1373 3105 interpellator
1387 3037 1451 3106 pro
1468 3015 1590 3100 nobis,
1617 3040 1722 3110 quem
1738 3032 1836 3107 pater
1851 3021 2000 3097 donavit
2013 3030 2118 3100 nobis

186 3127 307 3198 Firma
331 3123 448 3214 itaque
463 3131 523 3206 ,est
545 3133 579 3188 et
602 3141 682 3194 sana
707 3119 867 3188 doctrina
885 3143 954 3216 per
972 3121 1076 3188 sidem
1127 3131 1162 3187 et
1175 3117 1294 3185 omnia
1312 3118 1405 3189 bona
1421 3141 1500 3186 cum
1516 3117 1591 3190 illo.
1630 3116 1810 3210 Quoniam
1827 3135 1944 3194 autem
1965 3131 2116 3220 perfecta

106 3233 201 3300 risam
229 3241 265 3298 et
291 3224 464 3294 efficacem
489 3219 668 3290 iustificari
698 3235 925 3312 peccatorem.
985 3220 1076 3290 Nam
1128 3220 1304 3293 certitudo
1330 3219 1367 3289 in
1391 3211 1457 3290 bac
1484 3219 1727 3292 imbecillitate
1754 3247 1829 3296 nun
1856 3239 1926 3313 est,
1964 3213 2118 3328 suntque

101 3334 262 3424 perillam
281 3329 348 3396 deo
365 3325 455 3416 grati
471 3337 504 3394 et
520 3323 652 3415 accepti
671 3347 792 3392 srrnrus
808 3338 953 3414 propter
970 3319 1078 3392 Chri·
1127 3321 1261 3392 multae
1275 3321 1436 3390 infirmae
1449 3335 1481 3389 et
1497 3322 1644 3412 pavidae
1659 3325 1905 3415 conscientiae,
1931 3355 2116 3426 quaecum

98 3455 188 3511 rrum,
242 3431 420 3500 Vocaruus
447 3441 564 3496 autern
589 3426 691 3495 iidem
715 3427 831 3496 vivam
851 3439 986 3496 motum
1004 3425 1078 3513 spi-
1128 3423 1226 3516 gravi
1255 3446 1357 3513 saepe
1384 3423 1608 3498 dubitatione
1639 3426 1841 3515 luctantur,
1881 3455 1986 3504 nemo
2016 3453 2118 3512 esta

98 3543 174 3608 ritus
203 3533 337 3615 sancti,
374 3556 445 3625 quo
470 3553 551 3599 vere
576 3529 795 3620 poenitentes
821 3529 947 3598 veteris
973 3529 1077 3611 vitae,
1129 3527 1238 3618 gratio
1262 3520 1395 3596 Christi
1428 3539 1572 3618 propter
1595 3527 1769 3600 eiusmodi
1791 3531 2032 3609 infirmitatem
2056 3564 2119 3618 ex.-

96 3643 275 3730 eriguntur
294 3637 337 3705 ad
353 3633 486 3717 Deum,
515 3647 549 3702 et
569 3655 650 3700 vere
671 3625 944 3723 apprehendunt
970 3631 1077 3699 mise·
1129 3629 1344 3706 eludendos,
1375 3629 1433 3696 sed
1458 3629 1623 3698 convenit
1647 3631 1734 3702 tales
1757 3631 1946 3722 diligenter
1967 3633 2118 3730 hortari,

96 3744 277 3816 rirordiarn
294 3741 332 3808 in
345 3733 489 3809 Christo
506 3735 733 3826 promissam,
760 3748 798 3806 ιιι
815 3734 884 3801 iam
903 3759 982 3802 core
996 3755 1078 3802 sen·
1127 3746 1168 3804 ιιι
1183 3727 1240 3800 his
1257 3731 1541 3801 dubitationibus
1558 3731 1809 3822 promissiones
1823 3731 1955 3810 Christi
1978 3743 2118 3816 fortiter

96 3851 194 3931 ιίιιιι,
229 3837 326 3938 quod
353 3839 593 3910 remissionem
622 3851 843 3929 peccatorum
867 3837 1076 3907 etreconci-
1129 3847 1330 3928 opponant,
1369 3847 1404 3902 et
1434 3833 1552 3920 augeri
1577 3835 1645 3901 sibi
1670 3835 1774 3905 iidem
1800 3839 1933 3910 sedulis
1954 3847 2118 3933 precibus

97 3953 271 4020 barionem
295 3956 439 4036 propter
461 3941 629 4010 meritum
654 3934 807 4024 Christi,
840 3941 991 4028 gratuita
1020 3937 1077 4006 dei
1129 3951 1250 4017 orent,
1284 3937 1379 4006 iuxta
1402 3935 1504 4008 illud.
1555 3934 1701 4028 Adauge
1726 3940 1830 4010 nobis
1854 3943 1993 4013 domini
2013 3947 2118 4020 tidem

94 4055 246 4124 bonitate
279 4057 508 4137 acceperunt,
549 4055 584 4113 et
616 4041 770 4112 clamant
795 4042 839 4110 ad
866 4065 947 4110 eum
973 4043 1075 4110 Abba
1128 4034 1273 4112 Christi.

97 4172 198 4246 pater.
248 4149 291 4223 ld
312 4149 408 4244 quod
435 4161 555 4218 tamen
578 4144 669 4214 nulli
687 4143 858 4234 obtingit,
885 4143 953 4212 nisi
971 4144 1075 4213 etiam

96 4259 192 4328 sinnrl
217 4253 435 4324 infundatur
452 4250 596 4333 caritas,
625 4270 752 4316 sanans
772 4247 1012 4326 voluntatem,
1038 4258 1078 4313 ιιι
1231 4245 1318 4312 item
1341 4236 1547 4312 Christiano
1576 4245 1703 4337 cuique
1724 4245 1828 4316 debet
1855 4269 1928 4316 esse
1958 4272 2120 4344 comper.

97 4363 254 4430 voluntas
266 4369 385 4428 sanata
405 4349 722 4449 (quemadmodum
737 4350 841 4420 divus
856 4343 1079 4439 Augustinus
1129 4361 1225 4430 tum,
1252 4369 1325 4414 non
1349 4343 1386 4412 in
1414 4339 1480 4414 hoc
1495 4347 1612 4416 datam
1631 4367 1703 4413 esse
1721 4347 1825 4416 nobis
1843 4342 1934 4419 hanc
1955 4356 2117 4444 gratiam,

97 4464 155 4552 ait)
179 4459 329 4553 incipiat
350 4457 500 4548 implere
521 4455 646 4542 legem.
698 4449 803 4522 Fides
827 4474 910 4540 ergo
937 4453 1015 4528 viva
1039 4473 1078 4518 ea
1132 4462 1166 4518 et
1184 4442 1623 4538 hancregenerationern,
1656 4459 1697 4514 ut
1718 4447 1755 4515 in
1781 4473 1822 4518 eo
1838 4452 1951 4539 gradu
1967 4452 2120 4528 innova.

97 4583 153 4644 eet.
178 4585 268 4660 quae
283 4575 317 4632 et
331 4554 564 4652 apprehendit
579 4555 856 4624 misericordiam
872 4555 911 4622 in
926 4547 1079 4634 Christo,
1131 4551 1241 4622 tionis
1264 4563 1422 4635 nostrae,
1456 4573 1560 4642 quiem
1584 4547 1737 4640 primum
1762 4551 1857 4632 nacti
1875 4577 1997 4628 sumus
2009 4559 2119 4630 ociosi

98 4691 134 4738 ac
149 4667 259 4738 credit
275 4662 449 4734 iusticiam
465 4681 554 4755 quae
573 4673 622 4728 est
638 4659 675 4725 in
692 4651 835 4728 Christo
853 4656 955 4725 nobis
972 4655 1080 4744 gratis
1131 4652 1375 4724 consistamus.
1426 4648 1494 4722 Sed
1513 4673 1707 4720 crescamus
1723 4650 1761 4721 in
1777 4653 1893 4746 ipsum
1910 4680 1973 4748 per
1987 4661 2121 4748 omnia,

100 4769 279 4863 imputari,
312 4779 347 4836 et
370 4787 462 4858 quae
487 4761 594 4831 simul
621 4760 914 4853 pollicitationem
936 4758 1081 4850 spiritns
1132 4755 1195 4850 qui
1209 4767 1261 4826 est
1276 4766 1379 4844 caput
1394 4747 1571 4826 Christus.
1619 4753 1778 4848 ideoque
1789 4758 1974 4830 ,docendus
1988 4775 2041 4833 est
2055 4789 2121 4858 po-

100 4860 601 4956 nucdetcaritatemaccipit.
653 4859 704 4932 lta
720 4864 815 4958 quod
832 4863 919 4930 fides
936 4859 1080 4954 quidem
1132 4858 1255 4951 pulus,
1282 4869 1324 4928 ut
1342 4857 1402 4936 det
1424 4879 1567 4946 operam
1590 4849 1675 4926 huic
1690 4872 1899 4948 augmento,
1927 4866 2023 4956 quod
2040 4867 2122 4960 qui.

101 4975 303 5054 instificane,
324 4983 384 5042 est
396 4969 457 5039 illa
474 4967 571 5052 tides,
596 4989 686 5059 qrrae
705 4979 757 5037 est
776 4965 894 5033 efficax
911 4985 975 5057 per
992 4961 1082 5030 cari-
1133 4963 1214 5035 dem
1228 4959 1267 5032 lit
1280 4983 1343 5051 per
1356 4960 1450 5032 bona
1465 4981 1585 5050 opera,
1607 4971 1643 5030 et
1658 4957 1797 5032 interna
1814 4975 1848 5034 st
1861 4975 2002 5036 externa
2016 4991 2036 5036 a
2052 4971 2120 5040 dee

101 5093 208 5150 tatem.
248 5076 319 5150 Sed
335 5073 478 5142 interim
496 5063 564 5138 hoe
579 5091 700 5138 verum
721 5082 789 5144 est,
817 5068 911 5159 qrrod
931 5062 996 5136 hac
1016 5065 1082 5132 lide
1135 5065 1300 5134 mandata
1325 5075 1359 5129 et
1383 5063 1654 5144 commendata,
1682 5063 1812 5154 quibus
1839 5066 1928 5136 deus
1959 5070 2123 5157 promisit

101 5197 235 5252 eatenns
248 5177 497 5258 instilicarnur,
524 5175 559 5242 id
579 5185 649 5254 est,
672 5184 894 5260 acceptantur
909 5183 941 5236 et
958 5189 1085 5237 recon—
1136 5179 1280 5258 propter
1294 5159 1478 5238 Christum
1498 5164 1535 5232 in
1554 5163 1720 5260 pluribus
1732 5165 1819 5236 locis
1836 5171 2009 5258 evangelii
2030 5173 2123 5249 clere

99 5285 254 5355 eiliamur
287 5283 373 5364 deo,
406 5289 596 5371 quatenus
616 5268 853 5363 apprehendit
884 5270 1085 5339 misericor·
1137 5281 1171 5337 et
1187 5266 1369 5336 manifeste
1389 5263 1604 5350 mercedem,
1631 5266 1996 5362 bonatameorporis,
2017 5298 2123 5367 quam

101 5387 188 5454 diam
213 5401 247 5456 et
269 5381 465 5464 iusticiam,
492 5399 582 5472 quae
604 5376 710 5444 nobis
728 5375 925 5460 imputatur
940 5384 1086 5464 propter
1138 5371 1284 5460 spiritus
1302 5369 1340 5436 in
1367 5361 1433 5436 hac
1459 5369 1549 5451 vita,
1589 5379 1692 5456 prout
1713 5365 1857 5438 divinae
1881 5374 2126 5462 providentiae

99 5485 288 5570 Christum,
314 5507 388 5554 non
406 5495 522 5552 autem
542 5491 687 5571 propter
704 5477 911 5567 dignitatem
928 5497 989 5544 seu
1006 5495 1087 5566 per·
1138 5473 1255 5542 virum
1273 5469 1398 5557 luerit,
1424 5483 1552 5557 etpost
1569 5463 1660 5538 hanc
1676 5469 1785 5541 vitam
1800 5471 1837 5540 in
1853 5473 1971 5552 coelis.
2024 5475 2129 5550 ldeo·

147 5597 325 5664 llrsarru.
344 5589 446 5656 Oen.
475 5587 558 5651 Ver..
574 5583 622 5650 X.
1476 5571 1501 5642 8
