4608 6164
234 247 312 326 sss
963 237 1297 322 cannmun
1345 241 1453 319 ore.
1478 243 1541 348 ιι.Ι
2144 257 2195 334 ao

236 424 288 498 t’s
301 421 432 496 mermi
447 421 558 518 patris
573 419 713 494 assidua
727 443 830 515 prece
842 417 983 512 mitiget
997 419 1101 496 iram.
1279 413 1379 507 Quin
1393 443 1457 491 vos
1472 419 1616 508 efficite,
1640 431 1682 492 ut
1695 421 1853 515 probitas
1867 417 2006 494 innoxia
2019 443 2132 520 supper

237 525 333 598 Huic
348 526 459 618 igitur
470 525 545 618 regi
560 525 704 596 iuvenes
718 545 861 617 parere,
887 544 1075 616 senesque:
1330 519 1511 593 Praesidio
1530 537 1646 596 restro
1661 537 1736 596 tuta
1751 549 1894 596 manere
1910 537 2021 620 queat.

239 629 399 722 Tpus
408 629 518 714 enim,
531 623 623 698 mibi
632 629 774 712 credite,
790 625 948 696 eritcum
957 619 1231 708 numinisultor,
1278 617 1352 692 Nec
1369 623 1612 696 circumscribi
1628 628 1784 719 pupillos
1798 629 1922 700 fraude
1935 627 2060 714 sinatis,

238 729 419 804 Contemti
435 733 509 825 ipse
525 731 581 802 sui
596 755 745 822 poenas,
771 741 807 798 et
822 729 913 798 iusta
928 738 1087 819 reposcet
1331 721 1459 797 lniusti
1475 741 1636 800 metuant
1651 730 1766 801 tristia
1781 731 1858 802 iura
1873 730 1953 800 sori.

241 833 442 926 Supplicia,
467 847 501 904 et
516 833 599 924 figet
613 857 753 924 semper
767 853 932 900 mensura
950 824 1120 921 trophaea
1280 824 1351 898 Sed
1368 825 1462 898 nibil
1477 824 1534 899 his
1549 831 1695 902 monitis
1709 856 1830 924 regum
1847 835 1918 903 lera
1936 833 2036 902 corda
2050 845 2200 918 moventur,

240 935 414 1008 Hostibus
429 936 602 1006 extinctis.
653 933 743 1004 Nam
759 933 878 1022 magni
893 933 1015 1002 dextra
1031 926 1188 1023 parentis
1334 927 1404 999 Nec
1423 956 1545 1002 coecae
1560 947 1695 1004 mentes
1710 937 1858 1004 numina
1874 957 2007 1005 summa
2021 935 2136 1004 timent.

239 1037 348 1108 Hune
361 1038 480 1124 iuvat,
505 1051 539 1108 et
552 1059 674 1126 regum
692 1037 830 1126 franget
845 1035 1007 1128 viresque
1022 1033 1219 1124 minasque,
1280 1029 1387 1102 Nulla
1403 1034 1600 1126 voluptates
1613 1039 1844 1110 moderantur
1858 1037 1997 1106 vincula
2011 1035 2122 1126 legum,

239 1137 288 1212 Et
295 1163 499 1234 quanquam
508 1161 694 1208 aerumnas
703 1151 852 1222 nostras,
872 1150 1092 1230 mortemque
1100 1131 1233 1216 subire,
1333 1132 1488 1207 Miscent
1501 1137 1650 1208 arbitrio
1659 1139 1793 1224 landa,
1818 1140 1972 1209 nelanda
1987 1161 2058 1211 suo.

239 1239 290 1312 Et
306 1243 461 1334 perferre
476 1241 575 1310 iubet
589 1253 707 1332 pater,
733 1236 830 1310 hunc
845 1253 964 1310 tamen
977 1237 1063 1307 inde
1076 1237 1221 1306 reducet
1282 1233 1352 1307 Sed
1371 1237 1513 1308 meritas
1527 1240 1615 1308 olim
1631 1239 1732 1312 dabit
1745 1241 1809 1312 ista
1825 1239 1967 1310 licentia
1984 1261 2112 1331 poenas,

239 1341 285 1413 ln
298 1344 426 1428 vitam,
450 1344 628 1438 fascesque
643 1341 758 1428 dabit,
783 1363 1002 1436 regnumque
1017 1352 1165 1412 teneres
1334 1335 1601 1435 Convenietque
1616 1343 1702 1412 actis
1717 1344 1829 1412 exitus
1844 1342 1919 1434 ipse
1931 1342 2015 1416 suis.

1282 1436 1374 1510 Ecce
1389 1463 1452 1532 ego
1468 1443 1632 1514 deiiciam
1648 1443 1737 1516 celsa
1752 1447 1795 1514 de
1809 1447 1890 1514 sede
1906 1443 2097 1538 Tyrannus,

1334 1541 1425 1614 Cum
1444 1545 1608 1614 manibus
1622 1559 1732 1616 terras
1746 1547 1821 1638 ipse
1836 1548 1987 1616 movebo
2003 1545 2093 1614 meis.

250 1685 307 1758 No
336 1686 386 1756 30
1028 1692 1086 1773 (m
1113 1687 1223 1766 1527.)
1284 1643 1359 1716 Vos
1375 1647 1539 1740 equidem
1554 1670 1627 1716 esse
1644 1645 1736 1717 Deos
1751 1649 1853 1732 iussi,
1878 1661 2048 1741 natosque
2063 1645 2171 1724 vocavi,

238 1739 411 1812 „if-2
1021 1737 1235 1812 κέν’-,α
1337 1745 1432 1818 Voce
1446 1773 1522 1818 mea
1537 1750 1639 1818 vobis
1655 1774 1761 1842 regna
1780 1765 1899 1820 tenere
1915 1749 2010 1819 dedi.

1284 1849 1356 1922 Sed
1371 1865 1526 1940 repetam
1541 1852 1682 1936 titulos,
1705 1865 1739 1921 et
1755 1853 1856 1942 regni
1870 1853 1980 1922 iratus
1993 1845 2144 1934 honores,

308 1913 419 1994 ¹⁰9⁹*
432 1911 495 1970 Bu.
510 1909 544 1966 T'
556 1910 588 1967 γ’
601 1911 698 1986 “⁸⁴¹⁸
711 1922 740 1968 et
753 1913 824 1986 ’Μ
837 1912 919 1971 vm
930 1913 1008 2002 ‘m'
1335 1947 1384 2023 Et
1400 1952 1530 2022 dabitis
1545 1977 1676 2045 poenas
1691 1977 1754 2024 vos
1769 1955 1963 2045 aliquando
1979 1947 2078 2026 mihi.

295 2074 468 2147 psalma„
489 2074 603 2144 eng
634 2070 876 2172 „confitebor
900 2068 1093 2146 „omino”
1117 2078 1182 2148 etc,
1284 2053 1403 2146 thue
1417 2055 1479 2124 alii
1494 2055 1590 2125 exuti
1607 2056 1723 2146 regnis
1738 2057 1893 2125 cecidere
1911 2053 2085 2151 Tyranni,
2249 2103 2250 2190 q

1336 2154 1410 2245 Qui
1425 2157 1534 2228 veluti
1552 2157 1664 2247 piebis
1680 2181 1779 2249 pars,
1802 2160 1879 2226 sine
1895 2153 2034 2227 honore
2046 2155 2158 2226 iacent:
2246 2209 2251 2260 ,

1283 2255 1343 2330 stc
1360 2272 1543 2350 postquam
1559 2259 1653 2330 tituli
1669 2261 1770 2329 vobis
1786 2283 1849 2348 ego
1863 2261 2048 2352 dempsero
2065 2253 2205 2332 honoror,
2251 2314 2252 2354 ,

1334 2359 1518 2454 Lapsaque
1533 2385 1612 2430 cum
1627 2362 1762 2432 fuerint
1777 2375 1909 2452 sceptra
1926 2362 2076 2450 superba
2091 2381 2189 2428 mano:

1285 2459 1357 2532 Vos
1372 2465 1490 2551 ignota
1508 2462 1604 2532 eritis
1620 2477 1892 2555 contemptaque
1908 2464 2052 2548 funera,
2074 2463 2152 2532 sicut

1334 2559 1497 2634 Obscura
1515 2565 1641 2648 vulgus
1655 2579 1768 2635 morte
1785 2566 1899 2654 perire
1913 2565 2016 2638 solet.

1284 2661 1331 2734 At
1347 2681 1385 2736 tn
1402 2689 1537 2734 summe
1552 2663 1659 2738 DEUs
1676 2653 1813 2756 surgas,
1837 2681 2039 2759 terramque
2054 2667 2203 2755 gnbemts,
2255 2732 2256 2772 q

242 2301 249 2308 ,
292 2221 392 2313 Quas
408 2221 534 2292 laudes
549 2221 616 2289 tibi
630 2244 696 2289 nos
711 2235 811 2310 pater
823 2243 1002 2306 canemus,

292 2325 395 2413 Quae
412 2335 604 2413 praeconta
620 2322 852 2414 maximisque
867 2321 968 2390 lactis

293 2423 485 2496 Dicemus?
513 2423 695 2492 manifesta
711 2423 807 2511 signa
825 2423 929 2492 nobis

293 2524 503 2596 Monstrasti
520 2523 690 2594 bonitatis
704 2539 737 2594 ot
753 2525 894 2610 favoris,

294 2625 344 2700 Ut
358 2633 463 2698 curae
477 2626 543 2696 tibi
559 2649 624 2694 nos
639 2625 789 2696 sciamus
807 2649 891 2698 esse.

293 2725 420 2800 Eseam
438 2751 592 2820 namque
608 2727 677 2818 piis
692 2741 791 2819 pater
805 2727 945 2814 dedisti,

292 2829 342 2902 Et
357 2829 469 2901 tradis
484 2825 670 2900 Cananaea
687 2851 793 2918 regna
812 2829 926 2914 nobis,

292 2931 508 3002 Mansurum
525 2955 667 3024 quoqne
683 2929 806 3000 foedos
821 2953 927 2999 omne
941 2929 980 2998 in
998 2951 1123 3002 aevum

292 3030 439 3106 Fecisti:
466 3048 541 3104 rata
557 3045 662 3118 suunt,
686 3047 860 3125 eruntque
872 3055 1019 3123 semper,

294 3135 396 3226 Quae
411 3134 501 3206 dicis
516 3147 635 3225 pater,
660 3147 766 3227 atque
780 3134 969 3226 polliceris.

290 3237 470 3310 Defendes
484 3237 656 3327 populum
671 3249 790 3321 tuum,
816 3251 922 3332 atque
934 3235 1053 3308 mittes
1280 3237 1347 3309 No.
1363 3241 1425 3316 82.
2060 3237 2135 3334 .(ao.
2150 3235 2223 3312 latta

290 3341 332 3413 ln
349 3354 460 3410 terras
474 3336 692 3422 Dominum,
718 3338 779 3407 ille
797 3338 974 3424 liberabit,
1283 3341 1416 3369 Μ
2092 3329 2221 3362 ⁹⁴⁹

290 3441 340 3517 Et
356 3465 421 3512 nos
436 3453 612 3532 proteget,
638 3453 672 3509 et
690 3441 813 3529 procul
830 3442 967 3529 fugabit
1351 3439 1384 3494 ¹¹¹
1398 3456 1464 3514 ⁰99·
1478 3436 1538 3494 13¹&
1551 3436 1583 3498 T·
1593 3437 1627 3494 V·
1641 3437 1729 3512 tullii
1740 3459 1803 3516 sqq·
1817 3449 1845 3496 et
1858 3439 1931 3516 epod
1945 3439 2031 3498 Viae.
2045 3438 2121 3514 pl&

1477 3599 1899 3776 ugo
1926 3597 2073 3674 aas
2095 3593 2229 3672 aa

290 3747 388 3837 Eid⁰
403 3769 525 3816 ΜΨ*
538 3743 733 3816 D⁰¹¹¹¹¹¹¹¹m
753 3744 866 3816 Dium
885 3759 1018 3832 ”mem
1353 3818 1501 3896 Praecipit
1514 3831 1546 3880 ut
1560 3837 1706 3898 amemus,
1729 3833 1761 3882 et
1773 3841 1885 3882 somma
1899 3839 1969 3882 oure
1983 3839 2090 3882 ornare
2101 3817 2230 3882 studeant·

291 3851 382 3970 Nam
401 3849 514 3967 prima
530 3861 583 3918 est
597 3848 768 3966 sapient-ia
785 3843 881 3966 bunc
900 3849 1034 3934 timere,
1323 3901 1484 3962 Ecclesiam
1506 3893 1627 3964 Christi
1661 3905 1717 3966 hoe
1738 3917 1784 3967 m
1831 3918 1863 3967 et
1884 3907 2007 3966 verbum
2026 3908 2082 3968 Dei
2124 3919 2150 3963 et
2166 3905 2173 3960 i
2174 3913 2230 3978 pm

291 3951 466 4044 Q⁰¹³S¹¹¹⁸
482 3973 574 4018 ΝΜ
591 3947 658 4018 D²¹
674 3951 774 4068 simis
799 3949 992 4056 c⁰¹¹l‘luea,
1241 4039 1245 4047 ,
1325 3989 1473 4066 publicum
1503 3947 1711 4067 ministeiium,
1754 3949 1886 4052 et’iubet
1906 3991 1993 4052 huius
2014 3949 2155 4050 miniitesii
2172 3997 2231 4044 cras

291 4053 327 4126 ls
344 4057 487 4128 demum
501 4075 623 4144 sapere
638 4066 772 4143 optrme
785 4063 837 4122 est
851 4054 1041 4144 putandus.
1325 4072 1443 4132 sortirer
1473 4071 1611 4152 perferre
1633 4093 1803 4154 aerumnas,
1840 4087 1872 4138 et
1892 4075 2053 4158 pollicetur
2072 4067 2232 4138 Eeclesias's

618 4184 624 4194 =
1325 4157 1464 4236 periculis
1487 4159 1627 4217 auxilium
1649 4161 1717 4220 Dei.

1334 2765 1481 2861 Absque
1497 2781 1557 2836 tuo
1574 2791 1723 2853 regnum
1741 2770 1888 2838 numine
1904 2783 1999 2838 stare
2015 2767 2140 2862 nequit.
2256 2838 2257 2858 ,

1282 2863 1420 2938 Omnes
1437 2883 1471 2938 te.
1487 2883 1605 2956 gentes
1620 2868 1813 2940 Dominum
1830 2883 2060 2963 metuantque
2073 2869 2216 2956 rotantque
2257 2942 2258 2954 χ

1333 2967 1467 3041 Omnia
1483 2985 1565 3040 sunt
1581 2973 1711 3040 etenim
1727 2973 1794 3042 sub
1810 2973 1946 3042 ditione
1963 2988 2037 3044 tua.

1284 4291 1393 4364 Nulla
1408 4293 1553 4412 domus,
1579 4317 1653 4364 non
1667 4295 1742 4366 ulla
1755 4289 1845 4366 mihi
1862 4295 2055 4368 iucundior
2067 4297 2146 4370 urbs
2157 4305 2206 4370 etl·

139 4499 150 4514 ·
251 4391 425 4518 Q
1043 4393 1236 4516 <Q
1286 4392 2222 4594 milliii‘ilffi'iili‘ill'iiiiiliibsma

315 4589 348 4646 1³
361 4605 425 4662 oss·
437 4587 499 4645 B¹⁸·
515 4585 593 4647 ΤΝ·
608 4585 705 4660 ΡΜ·
718 4595 746 4641 ‘⁸
757 4585 829 4662 ⁸9⁰⁶
846 4585 926 4646 Vlflf·
943 4587 1022 4660 tt„-
1145 4675 1151 4682 ,
1336 4596 1380 4670 ln
1396 4623 1467 4692 quo
1481 4599 1663 4670 doctrinae
1679 4625 1746 4672 vox
1761 4615 1864 4674 sonat
1878 4603 1953 4696 ipsa
1969 4615 2063 4678 tuae.

248 4751 378 4822 ΡΜ,
396 4749 593 4821 mys-1„
617 4749 756 4836 „Dm
768 4752 880 4822 ,gem
889 4745 1158 4849 pumma„
1168 4755 1223 4826 ote
1286 4697 1391 4770 Hanc
1407 4725 1522 4770 arcem
1535 4713 1611 4772 toto
1628 4703 1825 4774 venerabor
1838 4719 1979 4797 pectore
1991 4725 2136 4796 semper,

378 4801 387 4822 ⁶
1225 4803 1235 4826 '
1339 4801 1420 4891 Qua
1435 4827 1510 4873 non
1525 4817 1577 4874 est
1590 4803 1710 4874 animo
1725 4800 1867 4878 cbarior
1881 4807 1955 4878 ulla
1969 4831 2062 4880 meo.

251 4895 328 4968 Stat
341 4893 438 4966 Deus
455 4895 492 4964 in
508 4893 626 4964 media
641 4893 763 4980 turba,
789 4910 961 4990 coetuque
976 4893 1145 4988 Deorum,
1289 4901 1368 4998 lpse
1383 4917 1461 4974 tuas
1476 4929 1553 4994 aras
1567 4905 1663 4975 lestis
1678 4909 1814 4978 ornabo
1830 4907 1984 4988 toronis,

301 4995 543 5089 Terribilique
558 4996 646 5064 alios
661 4995 819 5086 increpat
834 5021 895 5068 ore
911 4999 1019 5072 Deos.
1340 5001 1460 5098 Atque
1473 5005 1553 5076 illas
1568 5007 1661 5078 iusto
1677 5032 1814 5100 semper
1828 5003 1966 5080 honore
1980 5009 2103 5080 colam.

249 5095 415 5190 Nunquis
428 5097 493 5166 erit
509 5097 651 5167 tandem
667 5097 837 5166 scelerum
853 5101 1003 5170 modus?
1027 5099 1149 5177 omnia
1159 5103 1237 5178 iura
1289 5105 1407 5201 thue
1422 5109 1495 5179 suis
1507 5109 1653 5180 timidae
1669 5111 1765 5180 nidis
1780 5115 1931 5200 gaudere
1945 5113 2115 5194 volucres,

301 5195 481 5290 Oppressa
497 5223 516 5267 a
534 5199 634 5268 vobis
648 5197 755 5292 vique
771 5199 925 5293 doloque
939 5201 1066 5277 iacent.
1340 5207 1440 5298 Quos
1454 5209 1523 5280 sibi
1538 5235 1698 5306 quaeque
1714 5235 1776 5284 sua
1792 5215 1954 5284 condidit
1967 5227 2059 5300 arte,
2082 5207 2197 5282 solent:

250 5297 313 5372 Nil
331 5300 367 5368 in
384 5299 524 5368 iudiciis
541 5299 659 5392 inopis
674 5300 766 5368 valet
781 5302 915 5391 optima
932 5325 1049 5392 causa,
1288 5305 1332 5381 ln
1351 5311 1481 5404 quibus
1495 5327 1532 5385 et
1546 5329 1694 5403 possunt
1707 5309 1825 5386 hostes
1840 5331 2064 5389 contemnere
2079 5325 2173 5394 tutae,

304 5399 429 5474 Gratia
444 5401 504 5470 sed
522 5413 659 5504 tautum
675 5401 797 5482 divitis
810 5401 871 5474 illa
885 5401 985 5494 regit.
1337 5407 1387 5485 Et
1398 5414 1517 5508 pullos
1529 5415 1629 5488 dulci
1644 5430 1758 5490 mater
1770 5441 1890 5490 amore
1904 5419 2015 5492 soret:
