4638 6176
230 257 304 330 611

264 429 328 501 No.
350 427 436 504 258.

241 529 454 563 m
1089 513 1217 536 m

943 234 1267 318 cauurnuu
1317 237 1423 317 ιιιι.
1449 237 1540 339 ιιι..

1069 443 1119 487 sn.
1130 419 1224 482 1552.

2180 242 2240 314 tta

1277 409 1364 481 Esse
1378 409 1496 482 Deum
1513 434 1656 492 verum,
1682 411 1894 504 patefactum
1912 412 1953 482 in
1970 435 2059 506 rope
2073 409 2172 484 Sinai

1328 512 1478 597 Norint,
1505 513 1568 607 qui
1588 517 1762 583 usandum
1780 513 1962 601 condidit,
1988 530 2095 612 atqne
2113 515 2208 606 regit:

301 652 384 726 Apud
404 651 530 704 vincent.
543 644 686 726 pffltsqq.
699 651 725 697 et
737 643 766 696 io
780 641 895 713 Scriptis
909 639 983 710 publ.
997 637 1032 694 T.
1048 638 1068 694 l.
1083 658 1109 707 p.
1118 639 1180 722 MS.
1190 663 1224 680 -·
1277 613 1421 708 Quique
1436 619 1694 706 redemptorem
1706 618 1802 688 mlsll
1817 620 1862 687 de
1876 617 2014 708 virgine
2030 632 2164 698 Mluffls

337 721 463 776 Vineeot.
484 719 513 772 in
534 734 657 788 margine
678 713 772 767 babela
800 729 902 782 „arm
923 710 998 766 1552
1019 713 1052 762 in
1070 714 1166 762 reditu
1185 725 1225 762 ex
1329 716 1401 806 Qui
1418 719 1497 787 viva
1513 719 1648 788 ammi
1668 719 1909 810 parisimago
1927 721 1981 790 mi
1998 735 2065 790 m:

335 793 437 846 iiim
450 785 673 854 Norttergmt’·

521 963 582 1035 De
598 962 704 1032 uenis
720 957 934 1030 metallicis.

231 1135 313 1209 Non
329 1159 411 1204 casu
427 1131 590 1202 volucres
609 1125 729 1198 Atomi
746 1123 824 1193 sine
838 1137 957 1192 mente
972 1133 1127 1206 ruentes,

284 1235 387 1307 Hanc
404 1234 528 1304 mundi
547 1233 696 1301 sormam
717 1249 937 1319 progenuere
952 1247 1091 1293 novam.

1277 817 1410 888 Vocem
1426 816 1611 910 Evangelii
1629 821 1690 914 qui
1706 823 1793 890 dura
1813 822 1851 890 in
1869 835 2009 912 pectora
2025 821 2167 913 spargit,

1328 919 1534 991 Foecundat
1548 939 1686 992 mantes
1702 924 1835 992 semine
1851 937 1890 993 ut
1906 924 1980 1015 ipse
1996 927 2092 994 dato.

1276 1019 1389 1094 Addit
1407 1039 1439 1092 et
1459 1019 1541 1092 huic
1559 1025 1666 1092 vitam
1681 1025 1823 1096 coelesti
1840 1027 1974 1096 lumine
1992 1027 2084 1112 voci,

1328 1125 1473 1195 Adllatn
1487 1138 1621 1194 mentes
1636 1127 1709 1196 urit
1724 1141 1758 1197 et
1771 1128 1845 1218 ipse
1861 1151 1938 1199 suo.

1275 1223 1443 1298 Fossores
1458 1240 1576 1299 tamen
1591 1249 1664 1298 esse
1682 1228 1796 1308 iubet,
1823 1253 1884 1300 sua
1901 1230 1995 1301 dicta
2012 1229 2146 1318 doceri,

231 1339 434 1412 Formatrir
455 1339 514 1406 sed
539 1356 638 1402 mens
652 1331 793 1423 sapiens
816 1353 856 1397 ac
870 1327 1003 1418 optima
1019 1325 1145 1396 mundi
1162 1337 1224 1412 est,
1326 1327 1375 1399 Et
1389 1330 1508 1399 studio
1522 1329 1609 1398 disci
1624 1331 1795 1422 praecipit
1811 1332 1884 1423 ipse
1899 1333 1969 1422 pio,

283 1439 417 1514 Omnia
434 1462 524 1534 quae
540 1436 630 1504 mira
647 1432 810 1502 condidit
822 1443 897 1499 arte
912 1429 1016 1501 Deus.

230 1544 461 1638 Consilioque
480 1561 583 1629 sagas
599 1537 715 1606 varios
731 1533 893 1603 distinxit
912 1533 953 1598 ad
971 1553 1067 1615 usus,

283 1643 332 1718 Et
348 1648 513 1736 prodesse
533 1639 670 1710 homini
687 1652 819 1706 caetera
841 1647 966 1704 cuncta
983 1633 1092 1706 iubet.

230 1745 280 1822 Et
297 1750 389 1818 clara
406 1744 582 1838 impressit
600 1740 721 1811 multis
740 1737 884 1827 vestigia
901 1737 1018 1819 rebus,

282 1850 436 1942 Agnosci
452 1847 590 1939 sapiens
603 1843 768 1913 conditor
781 1844 878 1910 unde
894 1851 1009 1931 queat.

229 1953 327 2026 Haec
363 1952 501 2022 bonitas
533 1947 745 2018 celebranda
780 1958 840 2013 tua
874 1953 927 2011 est
957 1937 1055 2010 Deus
1089 1937 1222 2030 optime

743 2067 892 2136 semper,

280 2157 484 2249 Fac-gratae
499 2164 634 2222 merrtes
649 2163 690 2219 ut
705 2161 765 2218 tua
784 2149 872 2216 lacta
890 2157 1031 2224 canant,

230 2259 352 2352 Quare
368 2259 472 2329 etiam
493 2269 607 2345 grates
630 2261 810 2343 protento
829 2243 896 2317 hoc
913 2269 1061 2317 munere
1077 2247 1172 2332 dico,

282 2361 389 2452 Quod
406 2374 539 2430 certum
556 2367 608 2424 est
623 2354 707 2423 artis
724 2365 862 2421 tantum
879 2371 969 2439 opus
982 2371 1056 2416 esse
1072 2363 1169 2418 tuae:

230 2464 361 2537 lntima
378 2465 471 2556 quod
492 2481 598 2526 versas
612 2453 767 2546 sparsisti
786 2454 824 2520 iu
843 2452 973 2520 viscera
994 2465 1119 2536 terrae,

283 2567 415 2640 Usibus
429 2579 468 2633 ut
483 2559 614 2629 nostris
630 2571 709 2648 apta
727 2555 868 2625 meialla
887 2555 1013 2625 lerant.

229 2669 356 2742 Lactea
379 2669 439 2738 ubi
457 2664 564 2734 fumis
580 2657 799 2754 hydrargyro
816 2657 924 2725 mixta
938 2668 1143 2748 coquuntur

280 2767 509 2863 Sulphureis,
535 2765 645 2832 librae
659 2763 791 2830 semina
810 2760 924 2850 prima
943 2781 1067 2826 novae.

227 2875 395 2968 Dantque
411 2871 496 2939 alias
512 2869 643 2938 lorrnas
658 2863 820 2932 coelestia
838 2861 973 2930 lumina
988 2860 1123 2940 massis,

279 2975 328 3050 Et
341 2996 450 3064 vagus
468 2973 504 3039 iu
522 2967 625 3038 terris
642 2961 709 3035 lsoc
725 2966 823 3034 iuvat
839 2963 929 3050 iguis
943 2984 1042 3050 opus.

229 3083 301 3157 sed
319 3078 402 3149 satis
417 3073 514 3143 ellari
533 3083 638 3163 queat
651 3063 737 3137 haec
755 3065 921 3133 miracula
941 3087 1059 3147 nemo,

280 3181 360 3254 Hoc
372 3191 506 3249 certum
524 3187 594 3254 est,
621 3169 718 3238 nasci
731 3183 856 3237 currcta
872 3167 1015 3235 fovente
1028 3163 1119 3241 Deo.

228 3285 294 3361 Vis
310 3284 415 3354 etiam
430 3291 552 3347 nostro
567 3273 687 3367 quaeri
701 3267 785 3340 haec
800 3282 860 3340 tua
876 3270 970 3338 dona
985 3268 1119 3354 labore,

281 3383 474 3476 Legitimos
491 3401 576 3448 usus
592 3389 626 3446 et
641 3389 700 3446 tua
717 3373 809 3442 dicta
826 3374 964 3441 docent.

229 3485 414 3564 Mandasti
427 3481 608 3576 quondam
624 3477 718 3545 beret
736 3475 802 3544 tibi
821 3488 861 3542 ut
873 3497 977 3541 aurea
995 3473 1095 3552 sedes

286 3592 381 3662 lutra
400 3586 537 3655 aditum
553 3579 676 3669 templi
693 3576 858 3646 corrditor
871 3575 963 3643 alme
978 3575 1044 3645 tui.

232 3692 369 3767 lussisti
385 3689 487 3759 binas
502 3681 636 3773 argenti
654 3681 807 3772 pendere
822 3671 1019 3762 drachmas,

284 3794 332 3868 Ut
347 3803 546 3864 servaretur
563 3782 759 3873 relligionis
775 3777 901 3848 horror.

232 3895 280 3971 Et
293 3899 425 3966 iustum
442 3913 515 3958 esse
530 3891 650 3969 doces,
678 3907 740 3974 par
754 3881 991 3970 compensatio
1009 3905 1088 3950 cum
1104 3880 1154 3963 fit,

285 3997 345 4072 Sic
363 3995 414 4062 vis
433 4016 496 4083 pro
512 4001 626 4058 sumta
644 4011 757 4054 rrrerce
776 3985 948 4052 nomisma
965 3983 1055 4054 dari.

233 4099 394 4193 Cumque
412 4096 539 4184 probas
555 4111 678 4178 operas
694 4089 886 4156 lassorum:
913 4082 1069 4154 Ecclesia
1087 4107 1190 4175 saepe

154 4188 157 4199 ¹
284 4201 352 4272 llis
369 4197 515 4268 collecta
534 4191 621 4262 locis
641 4191 730 4269 lida,
756 4189 968 4279 placensque
993 4187 1060 4256 tibi
1076 4200 1137 4258 est.

99 4330 104 4344 ’
235 4301 439 4397 Strymonia
457 4295 579 4368 docuit
593 4317 674 4361 rrum
694 4289 828 4360 Pardus
850 4289 886 4356 in
904 4290 992 4356 urbe
1009 4283 1197 4381 Philippis,

285 4403 355 4475 llic
370 4402 431 4470 ubi
446 4415 531 4470 tunc
547 4396 625 4466 anri
641 4418 727 4462 vena
747 4393 915 4482 opulenta
929 4391 1009 4460 luit.

234 4507 455 4596 Divitiasque
473 4500 541 4569 loci
558 4497 748 4567 celebravit
767 4496 869 4582 longa
887 4505 1050 4571 vetustas,

287 4607 381 4681 Urbs
396 4605 446 4673 ibi
462 4625 544 4670 nam
560 4595 671 4668 Datus
688 4623 759 4666 non
778 4597 896 4664 rnirror
909 4608 990 4664 aute
1005 4597 1083 4668 fuit.

236 4712 306 4786 Sed
324 4707 416 4800 cepit
431 4703 532 4776 Pauli
549 4701 708 4770 doctrina
725 4700 835 4768 ditior
856 4722 941 4782 esse,

287 4811 360 4901 Qui
377 4806 501 4901 populi
519 4825 634 4872 mores
650 4801 847 4892 praedicat,
871 4815 976 4893 atque
994 4800 1111 4872 tidem.

237 4913 331 4986 Exul
348 4911 409 4982 ubi
427 4910 554 4978 viduae
579 4903 706 4991 pietate
728 4916 890 4994 exceptus
906 4899 1004 4972 Elias

289 5012 437 5086 Sidonia
456 5009 638 5104 quondam
653 5030 725 5072 non
741 5007 861 5094 procul
878 5006 966 5073 urbe
980 5002 1059 5078 suit.

238 5115 307 5190 llic
321 5142 339 5185 a
355 5113 516 5184 conflatis
531 5109 677 5200 antiqua
694 5105 838 5194 Sarepta
852 5105 1015 5188 metallis,

290 5219 414 5288 Artem
430 5229 567 5302 etopus
584 5221 754 5278 monstrat
773 5207 917 5294 nourine
930 5208 1022 5276 clara
1041 5230 1117 5282 suo.

1276 1429 1380 1502 Disce
1396 1432 1610 1520 sareptanae
1628 1435 1753 1502 viduae
1770 1431 1825 1524 pia
1844 1433 1953 1520 lacta,
1979 1435 2168 1527 iidemque,

1327 1531 1423 1602 Haec
1439 1533 1557 1625 aliqua
1573 1547 1613 1603 ut
1634 1535 1762 1604 reseras
1777 1549 1891 1628 parte,
1917 1557 2059 1626 precare
2073 1533 2199 1611 Item.

1276 1634 1329 1705 Ac
1345 1635 1452 1704 simul
1468 1635 1605 1706 efftrndi
1620 1637 1779 1704 divinam
1795 1638 1833 1705 in
1848 1652 1989 1730 pectore
2005 1640 2135 1724 lucem,

1329 1737 1440 1832 loque
1456 1737 1557 1806 sinus
1576 1751 1687 1807 terrae
1701 1741 1836 1809 semina
1852 1740 1967 1830 larga,
1993 1756 2104 1832 petes.
2131 1775 2137 1786 ·

1276 1837 1395 1910 Gnate
1410 1839 1477 1908 Dei
1495 1839 1626 1929 efligies
1644 1843 1777 1911 aeterni
1795 1841 1875 1910 viva
1890 1845 2060 1933 parentis,

1324 1940 1402 2011 Hos
1416 1942 1566 2034 populos
1582 1964 1719 2028 serves,
1745 1957 1778 2013 te
1799 1967 1941 2034 precor,
1967 1960 2193 2040 atqueregas

1274 2037 1329 2114 Ac
1342 2042 1539 2134 Evangelio
1554 2067 1693 2135 semper
1707 2047 1773 2115 tibi
1786 2048 1913 2137 collige
1929 2063 2085 2135 coetum,

1325 2143 1509 2216 Concedas
1522 2147 1649 2215 studiis
1667 2143 1930 2243 hospitiumque
1947 2151 2027 2242 piis.

1274 2246 1370 2319 llaec
1387 2249 1508 2320 animo
1526 2251 1640 2331 volari,
1667 2250 1746 2340 iuga
1764 2277 1828 2342 per
1842 2247 2056 2323 loaclrimica
2073 2265 2202 2337 vectus,

1326 2351 1465 2444 Perque
1479 2349 1607 2419 Annae
1623 2367 1761 2421 montes
1777 2355 1839 2448 qui
1854 2358 1961 2424 modo
1978 2379 2110 2424 rromen
2129 2351 2249 2426 haben

1301 2687 1365 2759 No.
1389 2685 1476 2760 259.

1299 2786 1501 2816 m

2115 2720 2162 2763 sa.
2174 2699 2253 2768 titt.

2128 2787 2242 2818 W*

1343 2889 1423 2958 Apud
1439 2887 1562 2947 Vincent.
1579 2907 1603 2958 p.
1621 2891 1671 2940 tto
1679 2907 1720 2959 sq.
1736 2917 1770 2930 -
1807 2888 1869 2942 Vid.
1886 2907 1953 2959 quse
1968 2890 2003 2948 tle
2015 2893 2124 2948 duobus
2139 2893 2253 2967 Philippis

1377 2959 1539 3012 Melanthea
1555 2957 1662 3030 scripsit
1676 2958 1704 3011 in
1719 2957 1839 3028 epistolis
1855 2959 1916 3015 Vol.
1931 2961 1991 3021 Vll.
2007 2981 2034 3034 p.
2046 2962 2110 3020 962.

1275 3103 1477 3172 oraculum
1511 3102 1552 3171 iu
1588 3097 1764 3170 Achaicis
1800 3103 2018 3174 Pausaniae
2051 3101 2101 3174 de
2130 3101 2255 3178 duoles

1297 3201 1497 3296 Philippis,
1524 3203 1645 3274 altero
1659 3197 1783 3295 felici,
1809 3205 1932 3276 altero
1950 3211 2055 3303 repni
2069 3229 2237 3279 eversore.

1276 3353 1316 3422 lu
1334 3351 1523 3422 Macedum
1541 3350 1681 3442 populis
1697 3351 1891 3422 clarissima
1910 3377 2018 3444 regna
2034 3357 2215 3442 tenebunt,

1276 3457 1407 3544 Argiva
1433 3455 1477 3522 de
1499 3453 1628 3544 stirpe,
1654 3454 1809 3534 bonum,
1836 3457 2079 3552 damnumque
2100 3453 2256 3551 Philippi.

1275 3556 1413 3627 Horum
1431 3555 1490 3648 qui
1510 3556 1608 3645 prior
1624 3567 1694 3640 est,
1720 3571 1840 3644 gentes
1856 3558 2032 3652 urbesque
2049 3561 2215 3646 domabit,

1276 3659 1346 3730 Sed
1362 3659 1490 3728 veteris
1506 3657 1604 3745 regni
1623 3659 1746 3748 perdet
1760 3660 1867 3728 decus
1882 3684 1988 3730 omne
2001 3665 2178 3734 secundus

1277 3761 1308 3831 A
1325 3761 1464 3852 populis
1480 3761 1610 3843 victus,
1635 3784 1725 3852 quos
1739 3760 1881 3834 mittent
1898 3786 2020 3855 vesper
2035 3777 2071 3836 et
2085 3779 2192 3836 ortos.

1277 4095 1341 4165 No.
1363 4097 1451 4168 260.

1286 4191 1457 4220 Μ

2100 4131 2147 4174 err.
2165 4106 2247 4170 titt.

2093 4195 2251 4224 Nm

1346 4295 1424 4369 Apud
1441 4295 1570 4354 Vinceat.
1585 4315 1610 4369 p.
1621 4297 1655 4350 65
1663 4315 1724 4369 sqq.
1739 4305 1764 4349 st
1779 4295 1807 4349 io
1819 4295 1935 4368 Scriptis
1949 4298 2025 4369 publ.
2039 4300 2073 4359 Τ.
2087 4303 2110 4358 l.
2126 4323 2152 4376 p.
2164 4296 2244 4354 sats.

1276 4443 1338 4512 De
1364 4440 1500 4534 oppido
1529 4447 1673 4538 Tarpa,
1704 4461 1803 4533 qaue
1831 4445 1872 4514 iu
1902 4441 2044 4518 tabulis
2064 4445 2257 4522 Ptolemaei

1237 4555 1239 4564 “
1510 4547 1754 4616 existimatur
1771 4545 2031 4642 esseArpelia.

1278 4693 1373 4766 Urbs
1388 4711 1488 4768 votus
1505 4710 1557 4767 est
1571 4697 1684 4788 gentis
1703 4694 1888 4791 Mysorum
1902 4700 2051 4770 nomine
2065 4699 2190 4793 Torga,

1326 4796 1396 4867 Hic
1410 4799 1475 4869 sita
1492 4801 1554 4870 ubi
1569 4801 1671 4870 flavis
1689 4799 1823 4869 labitur
1836 4791 1941 4869 Albis
1956 4801 2069 4894 aquis.

1279 4898 1381 4990 Quae
1395 4902 1507 4971 fausta
1524 4905 1706 4996 quondam
1724 4901 1819 4972 dicta
1830 4915 1885 4972 est
1901 4899 2044 4992 Argelia
2059 4928 2152 4990 voce,

1330 5001 1373 5071 ln
1388 5005 1519 5073 tabulis
1535 5019 1691 5074 veterum
1705 5027 1770 5072 ceu
1784 5021 2012 5074 monumenta
2028 5006 2161 5076 docent.

1277 5104 1351 5176 Nec
1364 5129 1487 5176 vocem
1506 5103 1679 5174 Graecam
1696 5104 1799 5173 terris
1818 5105 1988 5192 nsiremur
2003 5107 2042 5176 in
2055 5109 2138 5188 istis,

1331 5205 1471 5277 lonicae
1488 5209 1583 5297 genti
1602 5206 1718 5300 Mysia
1733 5207 1841 5276 mista
1856 5207 1936 5278 tuit.

237 5319 353 5394 Multa
370 5319 484 5386 bonae
499 5313 633 5385 mentes
649 5309 804 5400 exempla
821 5304 905 5378 hinc
919 5333 1057 5378 sumere
1069 5323 1227 5402 possunt,
1279 5306 1444 5378 Forsitan
1462 5311 1526 5379 ista
1541 5309 1609 5378 fuit
1623 5307 1861 5380 Dominarum
1879 5311 1975 5398 regia
1992 5314 2100 5396 sedes,

291 5420 391 5512 Quae
409 5419 563 5489 formant
579 5435 714 5498 mores,
741 5435 830 5504 qnos
847 5411 971 5501 probat
989 5411 1062 5502 ipse
1075 5411 1184 5488 Deus.

1332 5408 1428 5511 llincs
1443 5412 1557 5482 solare
1572 5411 1676 5484 iubar
1693 5411 1839 5482 nomina
1858 5411 1952 5484 clara
1967 5415 2074 5486 dedit.
