4638 6176
65 273 126 350 tls

64 447 125 522 Seu
139 445 251 518 betam
271 439 455 517 monacbis
477 467 663 538 personam
679 437 861 532 detrahet,
885 459 991 542 atque

105 547 243 620 Asseret
256 548 392 620 aeterni
405 549 568 638 dogmata
585 571 666 618 vera
683 545 761 622 Dei.

63 654 150 746 Quas
164 651 251 722 ieret
263 673 451 722 aerumnas
466 651 568 720 furiis
583 651 798 740 agitantibus
817 639 960 722 hostes?

105 753 243 826 Tollere
263 753 329 848 qui
344 777 363 824 e
378 754 495 824 medio
517 753 585 824 tale
599 749 789 824 Catharma
804 751 937 830 volent.

60 855 110 930 Sic
126 856 229 928 etiam
247 851 382 926 Ductor
397 855 555 926 sincerus
570 855 798 941 victimabat,

102 955 321 1052 Assidueque
335 957 413 1030 litat
429 959 601 1048 sanguine
620 973 653 1030 et
669 957 744 1050 ipse
759 979 835 1028 siro.

59 1056 139 1134 Ecce
154 1075 252 1132 tenes
265 1085 406 1146 causas,
432 1085 496 1130 cur
510 1061 600 1130 ritus
613 1061 753 1130 dedicat
767 1055 801 1156 ²)
818 1061 926 1148 idem,
956 1100 960 1116 ·

99 1161 145 1236 Et
157 1164 327 1257 pecudem
343 1177 378 1235 et
395 1177 531 1257 mysten
547 1163 609 1256 qui
626 1163 683 1255 pia
696 1185 792 1232 sacra
809 1163 904 1238 facit.

58 1263 118 1338 Ista
131 1265 322 1336 sacerdotis
338 1261 473 1336 Christi
488 1265 670 1334 verissima
686 1265 801 1354 imago
817 1279 880 1352 est,

100 1368 262 1440 Muneris
278 1362 362 1437 huic
377 1369 481 1437 detur
495 1367 606 1457 gloria
624 1367 736 1459 prima
750 1367 849 1437 sacri.

57 1467 115 1542 Hic
132 1475 209 1542 sine
223 1470 302 1538 labe
317 1469 404 1556 suit,
428 1469 595 1563 claraque
607 1469 644 1537 in
661 1470 738 1540 luce
754 1483 935 1562 parentem

98 1571 143 1644 Et
158 1573 275 1656 videt,
298 1585 332 1642 et
347 1595 430 1642 vero
447 1593 585 1663 semper
600 1565 737 1641 honore
751 1571 848 1645 colit.

57 1671 138 1746 Huic
150 1673 250 1746 Deus
264 1673 337 1765 ipse
351 1697 496 1744 manum
511 1673 699 1764 imposuit,
724 1673 897 1768 iussitque
911 1676 1037 1748 docere

100 1775 238 1848 Arcana
253 1791 396 1848 aeterno
413 1776 576 1865 dogmata
595 1791 733 1868 promta
748 1776 841 1846 sinu.

57 1877 151 1950 llunc
165 1901 324 1973 pressere
338 1901 464 1948 manus
480 1889 514 1946 et
531 1877 623 1947 iussa
641 1901 760 1948 severa
777 1877 945 1970 parentis,

98 1981 283 2074 Supplicia
300 1993 338 2050 ut
354 1980 467 2050 lueret
479 1979 628 2049 crimina
645 1993 764 2050 nostra
780 2003 855 2052 suo.
898 2066 906 2076 .

55 2081 150 2156 Hunc
166 2085 253 2154 licet
275 2081 442 2166 interior,
465 2082 652 2152 comitatur
668 2095 802 2154 caetera
818 2083 934 2171 turba,

98 2183 218 2258 Officii
233 2184 377 2256 titulum
395 2185 453 2254 cui
467 2185 567 2254 dedit
582 2185 656 2275 ipse
672 2186 737 2254 sui.

55 2287 136 2360 Vult
149 2285 335 2378 Evangelii
354 2288 517 2356 custodes
532 2311 670 2378 semper
689 2281 828 2372 haberi,

102 2390 232 2460 Militia
246 2390 360 2460 socios
375 2411 515 2480 semper
527 2404 562 2460 et
576 2413 649 2459 esse
666 2411 761 2464 suae.

52 2491 134 2566 Cum
152 2505 266 2562 mater
280 2504 384 2561 vocat
399 2489 466 2560 hos
482 2487 638 2561 Ecclesia
657 2492 802 2562 nomine
816 2487 963 2582 Christi,

96 2595 246 2666 Mandat
261 2607 296 2664 et
312 2592 477 2685 imposita
491 2617 640 2664 munera
660 2616 757 2663 sacra
774 2619 900 2667 mauu:

53 2695 232 2770 Admoniti
248 2697 385 2766 discant
398 2695 501 2766 istius
515 2691 669 2785 imagine
685 2695 786 2781 ritus,
875 2760 879 2770 .

93 2801 159 2872 Hic
174 2799 267 2868 ordo
283 2810 457 2892 quantum
473 2797 684 2889 polliceatur
700 2821 800 2890 opus.

52 2899 92 2974 Ut
105 2924 211 2993 pecus
226 2916 308 2970 ante
323 2923 402 2970 aras
418 2901 597 2994 quondam
616 2915 747 2972 sacrata
765 2899 923 2987 cadebat,

93 3005 203 3076 'fosta
217 2999 294 3074 Deo
310 3015 352 3073 ut
365 3003 489 3071 fierent
504 3003 635 3072 viscera
650 3002 767 3072 suavis
782 3003 891 3072 odore

53 3103 196 3178 Victima
214 3105 264 3176 sic
280 3104 385 3175 etiam
402 3098 546 3175 Christo
560 3103 598 3175 fit
614 3105 763 3200 quisque
779 3105 952 3191 sacerdos,

42 3197 47 3210 ⁵
91 3208 279 3281 Laudibus
293 3219 333 3278 ut
350 3207 506 3296 fragrent
522 3219 633 3292 terra,
656 3207 830 3300 polusque
843 3204 922 3279 Dei.

51 3309 138 3382 Talis
150 3310 249 3385 Abel
266 3323 426 3380 tenerum
452 3333 540 3400 pure
556 3322 768 3380 mactaverat
787 3331 932 3402 agnum,

91 3415 219 3506 Agnus
235 3425 271 3484 at
283 3411 390 3482 esitio
405 3434 487 3480 mox
504 3411 608 3482 datus
624 3411 698 3503 ipse
714 3411 794 3486 fisis.

49 3511 201 3588 Consilio
217 3513 348 3608 patrias
364 3504 489 3584 Esaias
503 3513 593 3583 rexit
607 3507 775 3596 habenas,

89 3615 133 3693 Et
148 3615 303 3708 trepidis
318 3628 442 3708 portus
458 3614 595 3685 civibus
611 3615 672 3685 ille
688 3616 768 3690 luit.

47 3713 188 3814 llepulit
207 3715 392 3815 Assyrium
410 3713 599 3812 Solymisa
616 3718 807 3789 moenibus
822 3711 975 3806 hostem,

90 3821 229 3896 Victori
244 3841 383 3914 ponens
399 3819 493 3890 clara
511 3815 678 3912 trophaea
693 3817 782 3892 Deo.

47 3920 185 4023 lamque
202 3947 307 3995 senes
325 3934 468 3994 centum
484 3921 577 3992 vitae
592 3923 790 3994 coniecerat
805 3945 932 4006 anuos,

86 4026 181 4100 Cum
198 4049 294 4096 serra
311 4024 438 4094 scissus
452 4022 594 4094 victima
610 4037 645 4096 et
659 4024 734 4116 ipse
747 4024 827 4098 luit.

44 4127 149 4202 Nemo
166 4141 285 4224 potest
295 4149 490 4198 memorare
498 4151 635 4212 omnes,
650 4127 887 4219 spectabimus
900 4151 1034 4216 omues,

85 4231 180 4306 Cum
198 4227 296 4302 Deus
312 4227 470 4298 induerit
485 4253 634 4320 corpure
652 4251 827 4323 quemque
843 4253 950 4304 novo.

44 4331 139 4407 Talia
155 4334 221 4406 sed
239 4333 412 4427 quaedam
430 4331 571 4422 prodest
589 4331 746 4424 exempla
762 4345 900 4418 tenere,

92 4437 176 4508 Nou
191 4431 351 4527 Baptista
369 4432 479 4523 igitur
494 4433 773 4524 praetereundus
784 4433 862 4508 erit.

41 4532 104 4608 llic
119 4535 319 4628 Evangelio
333 4547 529 4606 monstrato
541 4535 689 4605 tradidit
706 4532 822 4624 Agno,

84 4639 271 4712 Placatum
289 4636 394 4708 nobis
416 4637 479 4729 qui
493 4637 576 4706 lacit
594 4659 667 4706 esse
680 4636 809 4714 Deum.

38 4733 81 4814 Et
95 4739 371 4814 Pharisaeorum
387 4751 508 4808 taxant
521 4739 664 4823 deliria,
691 4739 782 4810 ritus
924 4787 946 4839 s,

85 4844 246 4916 Fucosos
262 4841 374 4916 vetuit
394 4865 460 4932 pro
480 4841 608 4931 pietate
624 4841 736 4936 sequi.

39 4941 301 5040 lustil'rcasuque
317 4944 422 5014 fidem
439 4943 561 5013 docuit
577 4941 738 5012 Iordanis
754 4943 797 5014 ad
814 4941 961 5034 undam,

82 5045 129 5120 Et
151 5069 258 5140 rupes
278 5041 466 5118 Gnathum
482 5037 519 5141 ³)
536 5037 604 5114 iam
620 5069 771 5116 sonuere
786 5045 865 5118 Dei.

37 5147 215 5221 Sardibus
229 5143 396 5220 humanis
412 5147 484 5219 Lex
499 5148 685 5218 obscurata
702 5149 846 5232 iacebat,

84 5251 183 5324 Huic
202 5251 306 5322 etiarn
326 5251 440 5322 lucem
456 5251 614 5320 reddidit
631 5251 691 5320 ille
708 5273 818 5330 suam.

38 5357 270 5466 ’Ehe-ebdy-p.
283 5397 406 5462 stadius,
425 5413 457 5448 ex
468 5391 581 5449 mendo.

68 5484 97 5558 3)
118 5481 270 5556 Archetyp.
282 5494 308 5540 et
322 5482 385 5540 flas.
398 5491 518 5552 nalum,
542 5477 682 5538 pseudosc-

761 264 1090 348 CARMINUM
1118 263 1247 347 ·L1B.
1271 265 1354 344 111.

1094 441 1259 536 Congrua
1275 441 1462 535 descripsit
1477 441 1592 516 civilis
1606 467 1755 518 munera
1770 446 1876 534 vitae,

1145 547 1299 640 luraque
1311 547 1508 632 militibus,
1533 546 1781 644 iudicibusque
1797 551 1909 624 dedit.

1093 647 1212 744 Atque
1228 649 1334 719 fidem
1350 649 1452 720 iussit
1466 649 1584 720 lucere
1598 651 1638 720 iu
1653 653 1760 722 rebus
1774 652 1931 743 agendis,

1142 751 1273 824 Notior
1289 763 1329 822 ut
1344 752 1442 823 fieret
1457 751 1569 842 gloria
1585 777 1667 824 vera
1684 755 1768 829 Dei.

1092 851 1260 944 Coniugii
1273 853 1386 924 sancit
1398 855 1529 944 legem,
1556 857 1771 952 damnatque
1788 853 1983 954 Thyesten,

1144 954 1319 1042 Uxorem,
1342 957 1463 1026 fratris
1480 959 1542 1051 qui
1560 981 1684 1051 rapere
1698 981 1804 1030 ausus
1819 973 1905 1047 erat,

1092 1056 1214 1150 Quare
1228 1055 1422 1150 Baptistam
1439 1061 1593 1131 crudelis
1608 1061 1768 1132 adultera
1785 1061 1913 1154 perdit,

1142 1159 1217 1250 Qui
1233 1161 1390 1231 moriens
1404 1161 1515 1232 veluti
1532 1163 1675 1234 victima
1693 1188 1790 1234 caesa
1805 1165 1905 1238 iacet.

1091 1261 1245 1336 Notitiae
1261 1258 1397 1333 Christi
1415 1260 1634 1356 Stephanus,
1660 1289 1735 1336 non
1751 1266 1922 1359 sanguine
1938 1263 2052 1337 Tauri

1142 1365 1301 1437 Restitui
1318 1367 1411 1438 vitae
1424 1368 1518 1438 dona
1539 1369 1726 1461 perennis,
1749 1370 1811 1442 ait.

1090 1464 1224 1539 Concio
1245 1467 1433 1540 Pontifices
1448 1469 1585 1560 ingrata
1600 1471 1761 1542 accendit
1775 1495 1913 1554 avaros,

1143 1569 1185 1641 ln
1201 1583 1306 1662 caput
1321 1587 1363 1641 ut
1378 1571 1533 1642 iacerent
1548 1596 1669 1666 aspera
1687 1596 1767 1643 saxa
1783 1575 1865 1646 viri.

1092 1671 1210 1766 thue
1224 1673 1313 1742 alios
1329 1674 1461 1744 multos
1478 1675 1619 1760 sileam,
1643 1675 1683 1746 fis
1697 1677 1839 1748 victima
1855 1674 1999 1759 Paulus,

1140 1772 1219 1846 Eoo
1235 1771 1369 1846 Christi
1387 1800 1519 1848 nomen
1535 1779 1580 1847 ab
1596 1779 1682 1847 orbe
1697 1801 1833 1868 gerens.

1090 1872 1137 1948 Et
1151 1881 1237 1948 dum
1254 1901 1312 1948 sex
1329 1879 1449 1950 lustris
1466 1891 1628 1973 terraque
1645 1881 1807 1974 marique
1822 1893 1980 1972 vagatur,

1140 1978 1193 2050 Ac
1209 1975 1445 2071 Evangelium
1462 1983 1593 2074 spargit
1608 1982 1743 2076 ubique
1757 1981 1842 2053 Dei:

1090 2077 1137 2154 Et
1151 2096 1254 2173 negat
1271 2083 1428 2173 extingui
1446 2098 1600 2154 mentem
1617 2084 1789 2156 divinitus
1804 2098 1930 2170 ortam,

1138 2181 1310 2276 Corporis
1324 2209 1343 2254 e
1362 2185 1487 2254 vinclis
1502 2189 1647 2280 quando
1667 2187 1781 2258 soluta
1795 2187 1897 2277 sugit.

1089 2283 1368 2381 Proponensque
1384 2287 1488 2356 malis
1505 2311 1653 2380 poenas,
1680 2302 1714 2358 et
1731 2290 1885 2378 praemia
1904 2283 2007 2358 iustis

1141 2386 1303 2459 Arbitrio
1323 2413 1407 2458 vero
1423 2391 1669 2462 distribuenda
1684 2391 1767 2462 Dei:

1090 2487 1265 2561 Iustitiam
1280 2505 1463 2575 monstrat,
1484 2517 1590 2587 quam
1598 2489 1733 2564 Christi
1750 2505 1894 2586 propter
1908 2484 2083 2558 honorem
2212 2533 2214 2538 .

1139 2587 1316 2662 Aeteruus
1331 2593 1435 2662 nobis
1450 2595 1511 2664 dat
1526 2609 1642 2685 pater,
1668 2609 1773 2690 atque
1789 2593 1928 2686 prohat.

1089 2690 1226 2764 luterea
1244 2716 1401 2786 pugnae,
1427 2696 1626 2789 pugnisque
1642 2698 1797 2789 pericula
1813 2697 1945 2778 iuncta,

1138 2793 1230 2865 Tam
1245 2797 1352 2888 longo
1369 2813 1530 2870 exercent
1547 2810 1706 2891 tempore
1723 2800 1821 2868 mille
1838 2796 1969 2866 virum.

1086 2893 1182 2967 Dum
1201 2900 1344 2970 tandem
1361 2899 1518 2970 ferienda
1536 2901 1635 2972 dedit
1652 2925 1714 2972 sua
1730 2901 1821 2972 colla
1842 2895 1992 2972 Neronis

1138 2995 1187 3070 Et
1202 3000 1310 3072 iacuit
1324 3015 1493 3096 tanquam
1508 3003 1577 3073 vilo
1592 3006 1743 3074 cadaver
1759 3000 1871 3074 humi.

1087 3101 1215 3172 Nostra
1232 3104 1336 3174 etiarn
1351 3105 1442 3174 vidit
1457 3129 1659 3202 quanquam
1675 3106 1852 3176 infelicior
1867 3115 1972 3184 aetas,

1137 3202 1212 3295 Qui
1228 3207 1320 3276 vitae
1335 3201 1517 3278 Christum
1533 3231 1766 3302 praeposuere
1782 3231 1877 3278 suae.
1987 3255 1993 3262 -

1086 3302 1156 3376 Hic
1170 3307 1233 3378 ubi
1248 3309 1363 3378 diviso
1379 3309 1596 3380 Batavorum
1613 3327 1664 3382 est
1680 3310 1795 3381 insula
1812 3302 1954 3386 Rheno,

1137 3409 1360 3480 Suduaniam
1377 3411 1416 3481 in
1432 3411 1509 3504 ripa
1525 3413 1615 3482 dure
1631 3412 1816 3485 Sicamber
1832 3405 1953 3482 habes.

1088 3507 1186 3582 Haec
1209 3513 1293 3584 tulit
1306 3510 1504 3585 Henricum
1521 3513 1652 3600 civem,
1678 3539 1782 3606 quern
1798 3511 1954 3583 vidimus
1976 3503 2056 3598 ipsi,

1138 3609 1343 3686 Florentem
1362 3617 1506 3702 studiis,
1531 3617 1738 3710 ingeniique
1756 3615 1872 3688 bonis.

1086 3713 1156 3786 Hic
1173 3730 1247 3788 toto
1261 3713 1395 3790 Christi
1410 3719 1566 3812 spirabat
1581 3732 1721 3813 pectore
1734 3741 1905 3797 amorem,

1135 3814 1205 3888 Cui
1221 3819 1358 3892 studuit
1371 3845 1453 3891 vera
1470 3823 1620 3892 reddere
1635 3837 1717 3894 vota
1735 3823 1815 3892 fide.

1086 3915 1297 4015 Eximiaque
1312 3945 1394 3994 suos
1406 3947 1523 3994 mores
1538 3923 1667 4018 pietate
1688 3925 1840 4016 regebat,

1138 4017 1324 4096 Virtutum
1340 4025 1542 4120 exemplum
1556 4039 1673 4120 posset
1687 4041 1729 4100 ut
1743 4025 1828 4101 inde
1842 4023 1932 4118 capi.

1087 4119 1271 4219 Quicquid
1288 4127 1323 4198 id
1342 4141 1412 4214 est,
1437 4129 1533 4223 quod
1549 4131 1595 4200 de
1617 4143 1743 4200 natura
1760 4127 1910 4200 Graecia
1928 4123 2081 4218 scripsit,

1139 4223 1289 4301 Artibus
1306 4231 1466 4303 excultus
1481 4245 1585 4303 uorat
1601 4247 1636 4303 et
1650 4233 1712 4302 ille
1726 4231 1844 4304 bonis.
1886 4233 1892 4244 '

1086 4325 1185 4418 Quas
1200 4342 1317 4403 teneat
1331 4347 1442 4406 metas
1458 4335 1545 4404 dum
1559 4347 1673 4404 totum
1690 4331 1825 4425 perlicit
1841 4351 1989 4414 anuum,

1136 4430 1279 4504 Aureus
1292 4434 1440 4528 obliquo
1455 4431 1622 4506 Phoebus
1639 4437 1678 4505 in
1691 4435 1778 4505 orbe
1792 4453 1925 4506 means.

1084 4531 1277 4622 Longiusa
1293 4547 1386 4606 terra
1403 4559 1483 4606 curu
1500 4559 1639 4608 summo
1655 4537 1779 4606 tardus
1793 4537 1832 4605 in
1848 4559 1912 4606 ase
2062 4569 2067 4578 ·

1136 4633 1326 4723 Volvitur,
1351 4651 1490 4708 arentes
1504 4661 1568 4710 cur
1585 4639 1713 4732 premit
1730 4651 1847 4709 aestus
1861 4657 1975 4727 agros.
2118 4669 2129 4678 ·

1073 4732 1178 4822 'Cur,
1203 4741 1342 4834 quoties
1359 4739 1431 4810 irno
1449 4741 1607 4810 velocior
1620 4739 1688 4812 ibit
1703 4741 1743 4810 in
1757 4763 1820 4811 axe

1134 4835 1182 4910 Et
1197 4843 1344 4935 propior
1356 4855 1489 4929 terrae,
1513 4842 1642 4933 frigida
1657 4841 1790 4915 Bruma
1806 4838 1927 4911 venit?

1083 4939 1180 5012 Haec
1196 4943 1243 5015 ita
1262 4944 1504 5037 contemplans
1518 4958 1698 5032 autorem,
1723 4965 1911 5034 agnoscere
1930 4939 2044 5022 iussit,

1135 5041 1181 5114 Et
1199 5070 1285 5136 pura
1303 5059 1417 5136 grates
1432 5047 1550 5118 dicere
1567 5061 1686 5120 mente
1702 5047 1792 5118 Deo.

1083 5141 1179 5216 Haec
1195 5149 1245 5218 ait
1263 5150 1455 5218 ostendunt
1472 5149 1577 5220 nobis
1591 5149 1742 5220 illustria
1757 5135 1856 5240 signa

1096 5317 1109 5342 ,
1133 5245 1289 5320 Aeterna
1306 5253 1480 5321 mundum
1497 5275 1571 5322 nou
1587 5251 1663 5322 siue
1680 5265 1798 5322 mente
1813 5247 1899 5340 regi.

1082 5345 1206 5422 Altera
1225 5354 1285 5422 sed
1303 5354 1423 5446 potior
1438 5354 1506 5424 suit
1521 5353 1575 5424 illi
1593 5379 1676 5424 cura
1692 5369 1822 5433 tenere,

1134 5449 1270 5530 Extant
1286 5479 1377 5552 quae
1392 5455 1498 5529 uobis
1512 5456 1642 5530 tradita
1659 5453 1840 5532 vocelDei.
