4638 6172
126 3455 128 3462 ,
236 3375 374 3446 Nocere
390 3373 590 3458 mentibus,
617 3377 678 3444 sed
691 3375 814 3445 ttrica
830 3372 963 3457 fabula,

122 4685 123 4688 ,
233 4605 453 4698 Tragoediae
467 4600 575 4679 huius
588 4619 691 4678 autor
706 4620 757 4677 est
772 4604 1000 4698 gravissimus
1131 4623 1134 4630 ·

235 275 313 356 ,oo
988 261 1315 347 canutuotu
1364 267 1474 346 utu.
1501 267 1532 344 1.
1906 255 1918 272 '
1991 285 1995 290 ·
2206 274 2269 356 ooo

237 447 413 524 Adfertur
432 441 505 532 buc
519 442 738 518 Terentiana
757 441 892 527 fabula,
1319 439 1387 516 No.
1413 438 1477 518 47.
1556 527 1558 530 y
1940 447 2008 546 (m,
2024 457 2119 526 1525,
2136 461 2186 520 „1
2199 457 2260 540 ρο.)

236 549 307 626 Cui
324 573 457 624 nomen
476 562 580 620 autor
596 547 670 639 ipse
684 544 768 618 fecit
783 539 974 629 Andriam,
1292 537 1506 578 m
1924 547 2269 600 *σν-υ

237 653 388 741 Favete,
413 651 530 725 bellus
542 651 579 720 io
595 649 753 720 medium
770 646 890 741 prodit
908 669 1026 718 senex.
1356 658 1664 803 tnpppgqtpepsffiut
1686 671 1713 718 u
1730 661 1761 716 ts
1781 680 1846 736 opp.
1864 661 1929 724 Βιι.
1952 663 1986 722 Τ.
1999 662 2033 722 v,
2057 683 2085 739 p.
2097 662 2159 724 stt.
2206 665 2271 737 Aput

1449 893 1629 990 Prologus
1655 896 1696 966 e'n
1725 892 1925 990 Thyesten
1950 899 2134 970 Senecae.

274 1034 340 1105 No.
369 1029 431 1104 46.
804 1125 807 1128 ,
885 1023 954 1123 (811·
970 1033 1065 1097 15²5·
1082 1034 1130 1094 “¹
1146 1021 1220 1116 ²⁶·)
1289 1040 1430 1116 Salvete
1448 1060 1660 1138 spectatores
1675 1050 1933 1138 candidissimi,

252 1135 321 1166 *⁶
345 1141 359 1162 ⁸
386 1133 450 1166 '⁴¹'
835 1185 838 1190 -
1056 1147 1073 1170 ⁸
1287 1144 1448 1218 Honoris
1465 1144 1534 1220 huc
1554 1152 1758 1246 quicunque
1775 1155 1890 1225 nostri
1907 1151 2040 1244 gratiae

309 1247 342 1298 1¹¹
357 1239 494 1312 farragine
507 1238 600 1296 ΒΜ·
613 1250 640 1295 0⁸
651 1239 681 1294 ¹¹¹
697 1257 762 1316 ⁰Pt‘·
776 1241 840 1297 ¹3³¹·
857 1239 891 1297 Τ·
906 1238 939 1294 V·
957 1259 984 1316 P·
996 1237 1058 1294 ⁸³²·
1082 1237 1152 1292 Μ’
1168 1236 1238 1302 ³⁹⁰⁶
1290 1247 1468 1336 Venistis,
1495 1267 1530 1322 et
1544 1255 1670 1326 favetis
1682 1256 1820 1328 artibus
1834 1258 1951 1344 bonis,

346 1311 471 1367 Ἥκω·
489 1325 518 1379 ⁹⁸
535 1309 592 1366 ¹²⁸⁸
1289 1349 1452 1442 Quarum
1480 1357 1752 1431 excolendamm
1780 1356 1927 1458 modo¹)
1953 1379 2075 1444 causa,
2111 1357 2271 1458 quicquid

392 1472 572 1568 Prologus
597 1475 640 1544 iu
662 1471 857 1546 Hecubam
878 1466 1085 1562 Euripidis.
1804 1478 1867 1550 0⁸1,

1288 1555 1394 1647 Quod
1413 1583 1540 1652 operae
1549 1553 1580 1652 ²)
1602 1562 1770 1653 ponimus
1785 1563 1825 1635 iu
1841 1561 1988 1657 agendis
2002 1562 2137 1636 fabulis

1288 1658 1483 1733 Sumimus.
1534 1663 1583 1734 At
1603 1689 1649 1736 ne
1671 1667 1849 1738 detineam
1872 1691 1936 1739 vos
1958 1665 2109 1753 diutius,

1288 1761 1425 1840 Dicam.
1479 1761 1662 1861 Thyesten
1679 1771 1794 1842 acturi
1810 1769 1966 1842 Senecae
1980 1791 2115 1857 sumus,

1287 1863 1334 1936 Et
1347 1867 1456 1960 impia
1473 1869 1624 1940 fratrum
1640 1873 1751 1960 facta,
1777 1873 1964 1968 tristesque
1978 1871 2093 1942 exitus

1286 1966 1549 2058 Recitabimus,
1575 1969 1611 2046 0
1629 1987 1803 2070 quantum
1819 1976 1968 2048 ambitio
1984 1975 2079 2068 parit
2098 1978 2198 2052 mali.

1287 2069 1346 2142 Sic
1361 2074 1461 2164 regni
1477 2075 1643 2148 scelerata
1658 2079 1835 2171 cupiditas
1853 2079 1974 2150 omnia
2071 2151 2075 2160 ,

1168 2199 1170 2204 ·
1286 2171 1443 2246 Confusa
1461 2177 1539 2248 iura
1556 2195 1705 2252 naturae
1721 2184 1950 2267 contaminat,

1287 2275 1336 2348 Ut
1351 2279 1460 2350 frater
1475 2280 1603 2374 impias
1619 2285 1722 2356 fratri
1737 2285 1874 2358 iniiciat
1887 2307 2026 2366 manus.

1286 2376 1443 2452 Proinde
1458 2388 1688 2475 spectandum
1704 2386 1904 2480 exemplum
1922 2389 2048 2458 damus
2063 2384 2168 2472 utile,

1285 2480 1376 2553 Nam
1394 2509 1538 2556 cernere
1553 2481 1618 2558 hac
1633 2491 1755 2562 licebit
1774 2492 1813 2563 in
1826 2490 2039 2582 Tragoedia,

1157 2621 1160 2627 ·
1286 2583 1346 2654 Nil
1364 2611 1438 2658 esse
1454 2589 1556 2681 peius
1570 2593 1786 2678 ambitione,
1809 2619 1900 2690 quae
1913 2592 2035 2664 omnia

1284 2684 1437 2777 Divina,
1464 2687 1641 2774 humana,
1661 2694 1788 2789 iusque
1802 2711 1834 2768 et
1850 2721 1911 2768 vas
1929 2709 2067 2766 vertere
2081 2693 2187 2780 solet,

1286 2788 1388 2880 Quae
1403 2795 1664 2868 florentissimis
1680 2799 1881 2894 quibusque
1896 2801 1971 2870 fere
1986 2797 2057 2870 fuit

1286 2890 1406 2966 Exitio
1425 2896 1648 2986 civitatibus,
1672 2925 1762 2994 quae
1782 2903 1937 2996 denique

1286 2995 1382 3068 Tum
1399 3000 1594 3090 plurimum
1613 3016 1735 3090 nocet,
1760 3029 1841 3076 cum
1858 3006 1898 3076 iu
1915 3001 2047 3098 templa
2064 3002 2242 3094 irruperit,

240 1627 381 1700 Salvete
395 1639 608 1720 spectatores
624 1623 881 1712 candidissimi,
949 1669 951 1675 -

241 1730 316 1821 Qui
334 1728 512 1801 literariae
529 1730 581 1798 rei
600 1729 691 1800 bene
709 1729 850 1820 cupitis,

128 1915 136 1931 ‚
239 1833 290 1908 Hi
303 1857 360 1903 me
380 1822 533 1903 iuvenes·
544 1831 663 1902 daturi
681 1828 789 1901 hodie
804 1829 1045 1919 Tragoediam

239 1933 356 2008 Orare
372 1957 512 2004 causam
529 1935 625 2028 apud
643 1957 704 2004 vos
723 1936 905 2003 iusserunt
921 1955 1032 2004 suam.

240 2039 325 2111 ldeo
345 2034 403 2108 hic
419 2038 549 2132 inipso
567 2037 711 2108 constiti
727 2035 925 2130 proscenio,

239 2139 288 2215 Et
301 2143 376 2230 lege
390 2143 527 2210 scenica
546 2153 648 2234 peto,
667 2153 708 2210 ut
722 2139 845 2234 aequis
862 2135 1010 2208 auribus

239 2241 453 2316 Orationem
471 2241 651 2336 accipiatis
666 2267 801 2323 meam,
829 2253 863 2310 ct
879 2261 977 2309 meos

240 2345 411 2438 Gregales
426 2345 601 2416 invidiam
616 2359 740 2416 contra
756 2341 941 2415 tueamini.

239 2449 398 2540 Quidam
411 2474 516 2535 novo,
541 2462 647 2544 atque
656 2439 692 2545 ¹⁵)
708 2449 856 2520 infando
870 2443 1032 2538 exemplo
1043 2441 1237 2529 clamitant,

238 2552 366 2626 Factus
383 2553 501 2623 alieno
518 2565 680 2644 tempore
698 2552 802 2622 ludos
820 2547 989 2630 scenicos,

237 2653 288 2729 Et
305 2680 381 2727 sera
398 2649 634 2728 Bacchanalia
650 2679 668 2724 a
689 2655 794 2725 nobis
813 2653 880 2744 agi,

237 2758 335 2834 Dum
352 2753 566 2830 Christianis
581 2761 804 2850 operandum
820 2753 928 2826 sacris
940 2753 1019 2827 fuit.

236 2862 312 2935 Nec
328 2861 490 2955 publicos
504 2883 638 2946 mores,
664 2884 730 2930 nec
746 2883 842 2930 sacra
859 2857 999 2926 laedere

140 2959 142 2964 ’
235 2965 334 3038 Ludi
350 2976 487 3058 queuru
501 2963 627 3037 nostri.
678 2961 769 3034 Nam
788 2985 864 3030 non
878 2956 1110 3030 Comoediam

236 3066 455 3153 Iocularem,
479 3079 541 3137 aut
556 3065 730 3136 iuveniles
746 3087 905 3149 amores,
930 3063 1070 3132 furtave

236 3169 463 3254 Puellarum,
490 3183 550 3240 aut
565 3171 801 3262 parasitorum
821 3165 984 3236 scurrilia

236 3271 319 3344 Huc
336 3273 503 3343 adferunt
517 3273 626 3355 dicta,
654 3295 744 3365 quae
764 3269 917 3338 infirmis
933 3268 1051 3340 solent

1286 3099 1358 3171 Ubi
1372 3095 1440 3172 hoc
1456 3115 1613 3194 tempore
1630 3128 1769 3176 saevam
1783 3121 1921 3178 exercet
1936 3105 2198 3202 Tyrannidem.

1285 3198 1321 3272 Ο
1338 3201 1398 3272 Dii
1416 3229 1524 3298 quam
1544 3207 1654 3277 tristis
1669 3203 1726 3279 his
1741 3209 1924 3302 impendet
1939 3209 2074 3296 exitus,-

1285 3302 1359 3394 Qui
1375 3309 1461 3376 dum
1478 3324 1605 3400 parant
1620 3334 1769 3402 regnum
1788 3313 1876 3398 sibi,
1902 3336 1997 3384 sacra
2015 3310 2197 3404 polluunt.

1284 3405 1354 3478 Sed
1372 3433 1449 3480 ecce
1465 3412 1587 3504 prodit
1601 3412 1776 3486 Tantalus
1791 3411 1864 3488 huc
1879 3417 1925 3486 ab
1940 3414 2076 3500 inferis,

1284 3507 1319 3582 ls
1335 3511 1430 3586 dicet
1445 3529 1695 3605 argumentum
1713 3515 1822 3589 buius
1837 3516 2071 3610 Tragoediae.

237 3476 503 3572 sententiisque
517 3477 643 3548 referta
660 3475 876 3567 gravissimis
892 3475 1012 3558 datur,
1100 3527 1110 3534 .

237 3579 282 3652 ln
297 3605 367 3676 qua
384 3582 548 3652 fortunae
563 3579 678 3649 varias
694 3601 838 3650 cernere
854 3593 905 3650 est
920 3575 1058 3660 uices,x
1677 3651 1679 3659 ,

237 3682 339 3773 Quae
353 3683 491 3774 magnis
508 3683 635 3774 opibus
658 3682 843 3766 invidens,
870 3692 1039 3762 evertere,
1289 3723 1821 3740 ----.....-........
1960 3705 1965 3720 ·
2160 3721 2267 3736 ...-
2300 3691 2301 3712 ¹

235 3785 433 3878 Postigium
447 3787 491 3856 ad
507 3809 687 3858 summum
702 3809 791 3880 quos
805 3785 937 3868 evexit,
962 3782 1063 3852 solet.
1725 3814 1727 3822 ¹

235 3889 277 3962 Si
297 3912 403 3982 quem
418 3889 561 3958 fortuna
576 3888 685 3973 fovit,
710 3887 882 3957 mollibus
897 3881 1081 3966 hactenus,
1292 3852 1462 3979 Q
1952 3861 2019 3943 (⁸¹¹0
2037 3865 2133 3933 1⁶25·
2148 3869 2198 3928 vet
2209 3861 2268 3939 ²⁶0)

234 3990 474 4084 Regnumque
489 3992 518 4058 si
536 3987 592 4059 cui
609 4011 730 4080 gerere
746 3989 964 4084 praeclarum
984 3984 1084 4058 dedit
2112 3977 2125 4001 ⁹
2207 3977 2232 3996 “’

235 4093 279 4163 ln
295 4093 429 4187 populo
447 4087 543 4162 hunc
560 4104 703 4163 nostrae
721 4105 950 4163 commonent
966 4082 1190 4180 Tragoediae
1350 4073 1433 4146 Aput
1449 4071 1578 4129 vincens.
1599 4091 1628 4143 Ρ·
1644 4072 1704 4128 ¹²⁵·
1728 4104 1763 4116 -·
1800 4073 1830 4128 ¹¹¹
1852 4072 1923 4128 sam
1944 4073 1989 4128 '¹¹⁸
2005 4075 2106 4130 secem
2124 4087 2154 4131 θ*
2172 4077 2199 4132 ta
2214 4093 2267 4148 ⁰rt·

233 4193 428 4289 Exempla,
456 4209 651 4288 suspectam
668 4195 832 4266 fortunae
846 4195 975 4286 ducere
1226 4207 1231 4218 ’
1384 4141 2266 4296 dd?bridguibbiiibbtgiidiiiiinbd·'nondtiite'ridi‘mffivdddb

206 4303 210 4312 ⁴
233 4297 379 4384 Fidem,
406 4299 482 4370 ima.
496 4297 842 4371 summis-momento
859 4307 973 4366 mutat
987 4293 1070 4368 levi.
1384 4283 1428 4336 ste
1446 4301 1510 4336 '²¹⁰
1530 4282 1610 4364 estam
1631 4293 1748 4367 pagiua
1766 4281 1806 4365 ιδ,
1821 4282 1934 4337 seruum
1948 4281 2113 4340 decennium
2127 4285 2212 4344 seculi
2225 4283 2265 4348 tt.

232 4399 345 4473 Proin
359 4403 473 4472 favete
492 4415 653 4487 nostrae,
679 4423 827 4496 quaeso,
851 4398 1006 4484 fabulae,
1384 4369 1502 4424 eumque
1515 4351 1561 4406 ¹¹¹⁶
1574 4362 1687 4407 caerem
1698 4351 1879 4407 adsumimus.
2300 4409 2301 4420 ¹

232 4503 558 4599 Memorabilesque
572 4502 666 4576 vitae
680 4527 780 4574 casim
795 4500 944 4594 noscite,
1402 4509 1586 4606 Prologus
1611 4512 1652 4582 in
1677 4505 1944 4586 Phormionem
1972 4517 2158 4588 Terentii.

1279 4659 1392 4731 Vobis
1408 4659 1556 4730 salutem
1572 4673 1693 4730 noster
1709 4653 1768 4728 bic
1783 4673 1884 4750 optat
1900 4655 2056 4748 Chorus,

1278 4763 1353 4853 Qui
1370 4775 1466 4833 veste
1482 4760 1645 4855 quamvis
1662 4761 1801 4832 scenica
1822 4762 1861 4832 io
1878 4758 2058 4835 theatrum
2076 4768 2176 4838 venit

1277 4865 1421 4945 Montes
1441 4877 1579 4945 tamen,
1605 4887 1793 4957 moresque
1810 4879 1940 4948 castos,
1967 4881 2002 4937 et
2017 4867 2098 4962 pios

1275 4966 1441 5053 Retinet,
1467 4963 1654 5060 Deumque
1670 4967 1746 5037 vult
1760 4967 1848 5038 iocis
1862 4981 1896 5039 et
1912 4969 2015 5040 seriis

1275 5069 1430 5157 Adesse,
1456 5093 1562 5164 quem
1582 5093 1786 5162 precamur,
1810 5084 1851 5142 ut
1868 5095 1934 5142 nos
1950 5086 2123 5166 protegat,

1275 5172 1470 5270 Servetque
1485 5171 1679 5244 literariam
1693 5169 1978 5266 Rcmpnblicam.

230 4709 441 4802 Euripides,
466 4710 569 4782 euius
584 4708 622 4779 in
637 4708 813 4802 polimatis
827 4707 877 4780 ait

231 4806 388 4883 Oraeula
404 4827 475 4898 tot,
502 4827 588 4907 quot
602 4835 743 4898 versus,
769 4835 843 4882 esse
859 4807 1016 4882 Tullius.

230 4911 339 5004 Quod
355 4916 386 4984 si
401 4918 620 5007 placeamus,
649 4915 743 4984 clare
760 4909 850 4984 mihi
865 4915 1028 5006 plausum
1048 4915 1140 4986 date.

228 5013 301 5088 Sed
317 5033 566 5107 argumentum
582 5017 711 5110 cupitis
725 5015 816 5088 seire
830 5018 984 5102 fabulae,

228 5115 271 5190 ld
288 5119 376 5191 dicit
391 5121 462 5190 ianr
477 5119 678 5216 Polydorus
695 5121 843 5190 emissus
858 5144 963 5212 specu

225 5218 412 5294 Profundo
428 5221 592 5312 Tartari,
615 5225 728 5297 fatum
743 5237 888 5321 questus
901 5245 1017 5298 suum.

1310 5409 1341 5470 l)
1359 5407 1461 5469 modo]
1475 5399 1624 5455 nonhabet
1640 5401 1704 5456 Bas·

258 5488 287 5558 Ιἲ)
304 5491 401 5560 uque]
420 5487 482 5546 Bas.
494 5499 533 5546 ct.
1306 5492 1340 5556 Ξ)
1358 5491 1420 5548 Bu.
1438 5489 1500 5546 Hos
1512 5505 1619 5556 operae
1632 5492 1715 5558 quod.
