4638 6176
71 267 142 350 su
795 261 1125 344 casuruou
1176 261 1285 348 nm.
1312 265 1392 344 ιιι.
2041 290 2118 368 ⁶42

69 437 142 512 Has
155 434 266 531 igitur
281 437 423 510 tabulas
436 433 642 527 Regionum
657 457 801 506 cernere
817 435 975 526 prodest,
1112 427 1249 504 Suasor
1265 449 1340 510 erat
1356 437 1470 530 pacis,
1496 441 1764 541 multorumque
1778 449 1913 526 arbiter
1926 477 2070 552 aequus,

118 539 224 633 Quae
238 552 471 636 spectatorem
488 539 575 610 talia
590 538 704 608 multa
721 549 881 612 monent.
1167 533 1366 612 Praebebat
1381 541 1515 634 patriae
1534 549 1720 620 commoda
1735 573 1862 643 magna
1878 577 1973 631 suae.

1115 633 1288 734 Metaque
1303 666 1384 712 curn
1400 644 1493 716 vidit
1509 662 1664 720 moestus
1679 649 1799 724 civilia
1814 657 1920 746 bella,

1164 737 1323 814 Restitui
1342 767 1462 836 pacem
1479 749 1605 820 maluit
1620 751 1683 822 ille
1695 753 1804 846 piam.

68 913 135 987 No,
149 912 239 986 ³15.
797 911 848 976 1¹·
862 909 938 976 Deo.
958 913 1052 983 1557·
1113 838 1189 912 Ter
1204 855 1275 914 tres
1289 839 1374 918 huic
1389 850 1527 942 peperit
1542 867 1645 924 natos
1661 858 1854 928 castissima
1872 860 2013 948 coniux,

74 1007 248 1040 m
796 1009 1065 1043 «rw-..-
1166 939 1214 1015 Et
1230 947 1350 1019 dulces
1365 965 1489 1041 gnatas
1504 953 1680 1050 quinque,
1707 959 1851 1032 iuvante
1867 961 1959 1032 Deo.

132 1129 284 1203 Epistulam
311 1124 446 1198 patticam
472 1128 645 1178 ueratrum
667 1109 845 1194 Lotrbftiuni,
870 1127 1064 1202 incipientem
1113 1041 1170 1118 Ex
1183 1041 1240 1119 hu
1254 1061 1308 1120 ter
1322 1053 1434 1125 denos
1448 1064 1812 1152 quatuorsuperadde
1827 1078 1982 1156 nepaes*

167 1197 262 1274 „cum
276 1196 385 1254 aranu
396 1193 539 1248 tenwe”
552 1203 605 1248 etr.
638 1211 720 1266 quarn
735 1194 817 1252 etiarn
831 1195 942 1253 babela
964 1197 1064 1254 ‚vines
1165 1147 1256 1270 qum
1273 1154 1367 1225 ”alls
1382 1157 1584 1252 Vidit³1³em
1601 1185 1782 1255 superem
1799 1167 1939 1241 dmum·

167 1288 196 1342 p.
206 1267 250 1324 st.
263 1277 290 1323 ιι
302 1267 331 1320 in
345 1261 538 1406 Septimum.
551 1261 584 1323 T.
595 1230 645 1320 tlt.
661 1283 688 1336 p.
698 1263 798 1336 mh,
815 1266 944 1324 dedimus
955 1267 984 1324 in
998 1268 1063 1326 stet
1114 1248 1189 1342 Qnr
1203 1269 1322 1327 sancte
1335 1272 1376 1331 ut
1389 1261 1547 1334 colerent
1557 1257 1741 1338 Christum
1756 1268 1919 1363 votisque
1934 1285 2112 1360 vocarent,

167 1353 230 1412 epp.
248 1335 312 1394 Vol.
325 1335 360 1390 Χ.

64 1503 1062 1524 „mm-
1113 1455 1160 1529 Se
1176 1465 1609 1539 commendavitmoriens
1625 1468 1723 1558 Tibi,
1741 1468 1896 1560 Christe,
1921 1477 2110 1565 redemtor,

1164 1557 1333 1636 Credenti
1349 1565 1456 1638 vitam
1472 1569 1534 1663 qui
1550 1571 1627 1644 sine
1643 1573 1714 1644 line
1729 1577 1845 1664 dabis,

63 1620 243 1750 Q
879 1627 1052 1748 Q
1111 1659 2112 1778 Foelixhaecanimaratmorientialmembrarelinquens,

1162 1764 1265 1856 Quae
1280 1764 1463 1844 Christum
1479 1776 1590 1849 coluit
1605 1803 1679 1850 non
1696 1781 1882 1856 dubitante
1896 1784 1977 1858 fide.

1150 1883 1231 1942 nate
1247 1868 1336 1958 Dei,
1362 1874 1417 1944 fac
1432 1880 1618 1968 posteritas
1634 1894 1675 1952 ut
1692 1881 1787 1954 salva
1805 1885 1851 1956 sit
1863 1885 1964 1956 omni

1163 1971 1342 2067 Tempore
1357 1977 1517 2052 florentis
1533 1983 1580 2056 sit
1595 1983 1799 2080 patriaeque
1817 1990 1935 2061 deins.

85 2061 333 2160 Epitaphium
352 2059 610 2154 Guthuriaae,
635 2065 809 2162 coniugis
829 2059 927 2138 Phil.
948 2065 1040 2138 Mel.
1206 2169 1219 2192 ⁹
1707 2085 1804 2160 phil,
1826 2077 2030 2164 Melantb.'
2105 2121 2109 2125 .

131 1832 215 1907 Apud
234 1833 362 1889 vincent.
381 1851 408 1905 p.
420 1830 470 1888 tat
482 1850 522 1906 sq.
542 1859 570 1873 α
608 1831 687 1888 Obiit
706 1831 807 1890 coniux
825 1799 1012 1889 Melantbonis
1030 1833 1060 1892 d.
1113 1866 1149 1940 G

165 1905 208 1958 ll.
221 1902 287 1960 Oct.
307 1901 383 1959 test.

61 2237 251 2310 Proximus
265 2231 325 2307 hic
342 2235 502 2307 tumulos
516 2229 732 2308 Catharinae
749 2234 904 2325 contegit
920 2259 1009 2324 ossa,

115 2339 218 2431 Quae
231 2337 372 2433 Crappo
387 2339 568 2434 quondam
586 2337 732 2410 consule
746 2351 830 2408 nata
846 2337 927 2414 fuit.

62 2439 242 2534 Coniugio
258 2457 351 2514 casto
367 2441 484 2514 fuerat
501 2465 592 2536 qnae
604 2454 716 2534 nupta
730 2435 913 2533 Philippo,

5 2573 11 2584 ·
109 2541 167 2616 Ex
181 2543 321 2638 scriptis
336 2543 438 2615 euius
453 2543 601 2614 nomina
617 2556 702 2614 nota
715 2555 876 2618 manant.

60 2646 222 2720 Virtutes
234 2641 362 2718 habuit
378 2647 528 2716 donatas
541 2645 690 2716 numine
704 2639 850 2730 Christi,
1181 2663 1310 2724 Wnoent
1324 2665 1402 2740 pti.
1438 2664 1545 2736 scripu
1557 2665 1634 2739 publ.
1652 2667 1686 2726 Τ.
1698 2670 1748 2726 ιιι.
1767 2675 1865 2745 μω,

109 2749 300 2822 Matronae
316 2747 450 2819 Paulus
464 2771 550 2841 quas
565 2750 668 2820 docet
683 2769 757 2817 esse
772 2749 889 2820 decus.

55 2851 127 2924 llic
144 2853 291 2924 absente
305 2850 383 2922 viro
400 2849 565 2945 sepelivit
577 2849 650 2920 filia
666 2873 804 2942 corpus,
1478 2831 1739 2926 EPlill'WM·

107 2953 212 3028 Vivit
227 2967 417 3050 conspectu
432 2975 532 3023 mens
546 2954 750 3048 fruiturque
765 2949 844 3026 Del·
1110 2977 1263 3052 Vincere
1277 2979 1422 3050 difficile
1435 2992 1488 3050 est
1503 2993 1642 3054 tentant
1657 3007 1738 3054 cnm
1751 2987 1870 3059 dulcia
1885 3014 2020 3080 sensus,

1161 3081 1208 3152 Ni
1222 3083 1352 3174 fugias,
1379 3106 1493 3174 poena
1511 3097 1563 3154 est
1577 3108 1680 3156 saeva
1696 3087 1825 3162 luenda
1842 3093 1921 3164 tibi.

1109 3183 1181 3257 Sed
1197 3185 1297 3276 fuge,
1323 3197 1427 3278 teque
1442 3186 1516 3277 regi
1533 3211 1656 3278 poscas
1670 3211 1691 3258 a
1705 3193 1854 3266 numine
1868 3193 2014 3288 Christi,
2096 3215 2102 3224 ’

55 3293 127 3368 No,
144 3288 235 3365 315,
885 3321 932 3362 en.
950 3299 1045 3362 1557.
1160 3283 1359 3358 Ollendent
1373 3312 1462 3382 quae
1478 3311 1552 3358 non
1567 3313 1672 3382 posse
1688 3317 1815 3368 nocere
1832 3313 1944 3392 putes·

62 3387 241 3424 Μ
878 3389 1051 3418 Μ

126 3506 242 3562 Editnrn
255 3507 283 3562 in
297 3506 404 3576 Kappfi
414 3508 531 3576 flebitis
543 3513 595 3564 ete.
613 3504 646 3558 T.
660 3505 682 3562 l.
700 3524 727 3578 p.
739 3505 783 3564 58.
1110 3518 1857 3558 ·-·-·-·-·-“··,-·----
1869 3533 2103 3552 --a--w

52 3665 311 3764 npttaptvtva
324 3662 1059 3742 nearestatneastetercomtuaru
1108 3665 1176 3738 Ν..
1194 3631 1282 3742 sta.
1932 3710 1981 3752 .„
2000 3692 2092 3756 uss.

53 3775 183 3845 Ducis
203 3775 400 3846 Saronico
415 3771 598 3842 Electoris
611 3763 786 3862 defuncti
808 3769 845 3846 d.
870 3767 906 3844 ii.
924 3769 1057 3844 Decor.
1116 3761 1289 3793 Μ
1926 3781 2098 3812 ‘⁶⁹⁸'

86 3872 204 3950 1551.
227 3879 270 3948 in
291 3871 425 3968 oppido
447 3866 630 3960 Imbres,
665 3881 826 3948 auctore
845 3865 1021 3968 Phiiippo
1097 3965 1099 3970 Α
1179 3881 1260 3953 spus
1281 3881 1406 3940 tineent.
1424 3901 1452 3956 p.
1467 3885 1525 3944 ιιι.

397 3969 718 4064 Melammm'
1106 4047 1154 4116 ln
1177 4040 1402 4138 Chronicott,
1435 4053 1473 4130 (i.
1496 4077 1524 4122 e.
1545 4058 1579 4116 in
1599 4051 1775 4122 Cbroniron
1804 4080 1873 4124 ase
1893 4064 2007 4128 editum
2029 4071 2105 4132 s'cri-

50 4125 209 4198 llenrici
223 4149 351 4217 corpus
365 4147 513 4243 posuere
530 4117 589 4192 hic
606 4122 766 4218 quinque
785 4124 943 4217 parentis
1166 4145 1292 4244 ptum)
1318 4159 1390 4224 0011,
1411 4178 1483 4240 epp,
1502 4155 1583 4222 Vol.
1598 4155 1645 4220 X.
1670 4182 1718 4246 ep.
1740 4161 1772 4230 d.
1794 4160 1827 4228 4.
1844 4161 1934 4232 Febr.
1958 4169 2051 4237 1558,

107 4227 167 4300 Ex
180 4230 259 4324 ipso
276 4227 370 4308 nati,
397 4227 587 4297 nobilitate
603 4249 715 4318 pares.

49 4327 112 4402 Ex
129 4327 329 4404 Einsidelia
344 4329 459 4400 luerat
475 4327 536 4422 qui
554 4326 663 4419 stirpe
679 4339 828 4412 creatus,
1213 4311 1263 4386 Ul
1281 4316 1380 4386 noris
1396 4319 1540 4410 quando
1557 4343 1631 4390 sese
1645 4325 1849 4413 patefecerit
1864 4330 1950 4424 ipse,

107 4427 337 4526 Ornavitque
351 4443 452 4502 vetus
466 4429 528 4524 qui
545 4427 673 4520 pietate
688 4451 811 4522 genus.
1262 4416 1421 4510 Spectari
1436 4420 1539 4492 iussit
1555 4425 1670 4494 secula
1686 4443 1811 4500 cuncta
1826 4428 1933 4520 Deus,

49 4535 150 4608 Nam
165 4549 217 4622 te,
242 4558 324 4605 vere
338 4529 455 4620 Dens,
480 4525 617 4602 Christi
632 4530 738 4604 Pater
750 4529 887 4625 optime
902 4553 1034 4618 rerum,
1344 4531 1347 4540 ’

107 4637 265 4710 instifica
280 4635 409 4722 coluit,
434 4633 602 4704 eonditor
616 4633 730 4721 alme,
755 4633 837 4706 lide.

49 4737 176 4836 ipsius
192 4753 228 4812 et
241 4761 358 4810 mores
371 4735 456 4808 iusti
474 4735 630 4829 castique
645 4737 803 4820 fuerunt,

108 4842 218 4914 Mens
233 4839 403 4934 qnoniam
420 4839 534 4909 fuerat
549 4837 627 4908 luce
643 4851 764 4910 renata
783 4833 862 4906 Dei.

48 4943 106 5020 Et
123 4944 288 5042 quamvis
304 4939 493 5030 Evangelii
511 4941 687 5012 confessio
704 4963 809 5010 verax

109 5045 245 5120 Attulit
256 5039 344 5117 huic
359 5043 483 5114 odium
500 5043 701 5138 damnaque
714 5040 829 5112 multa
845 5039 939 5110 viro:

46 5149 233 5224 Defensus
248 5161 367 5220 tamen
384 5161 437 5217 est
450 5141 646 5240 praesentis
662 5144 812 5216 numine
828 5137 963 5214 Christi
1215 5181 1329 5252 pem
1355 5181 1553 5256 Vincentio
1580 5181 1644 5258 die
1662 5189 1791 5262 Mum.
1809 5193 1982 5272 mom

107 5253 208 5328 luter
222 5251 284 5346 qui
303 5263 419 5320 servat
434 5271 562 5338 magna
579 5247 710 5342 pericla
727 5247 817 5340 pios,
1984 5248 1993 5270 ·

48 5353 230 5450 Quinque
244 5349 452 5426 Electorum
469 5351 562 5421 lidus
578 5351 647 5422 fuit
665 5350 726 5419 ille
744 5359 898 5430 senator,
1106 5339 1251 5414 Dicitur
1266 5343 1331 5414 ista
1348 5345 1424 5414 dies
1442 5347 1609 5422 tribuisse
1623 5353 1766 5426 exordia
1782 5357 1873 5432 lucis

107 5457 306 5534 Saxonium
327 5466 507 5546 sceptrum
522 5453 587 5546 qui
614 5468 760 5526 tenuere
774 5447 931 5524 Ducum.
1079 5485 1085 5528 ι
1158 5443 1291 5538 Magne
1308 5445 1410 5518 Plato
1428 5449 1586 5546 eloquii,
1608 5453 1778 5552 signaque
1796 5465 1885 5535 mire
1903 5465 1984 5540 tibi:

47 5563 239 5634 Mensura.
267 5559 375 5630 Orsa.
401 5551 485 5629 Vos.
515 5557 563 5628 Χ.
1390 5548 1437 5623 41

1178 5015 1256 5088 Apud
1278 5015 1405 5072 Vincent.
1425 5033 1450 5087 p.
1467 5017 1514 5071 tto
1526 5037 1566 5092 sq.
