4652 6178
53 281 124 358 829
639 267 1060 368 Quausrtottus
1097 265 1503 350 actuumtctu.
2017 271 2093 346 880

50 444 220 518 articulus
240 441 380 534 generis
400 440 608 526 foeminini,
633 457 674 516 ut
693 446 809 516 foetus
826 445 1046 536 intelligatur
1096 463 1199 532 nam,
1224 459 1265 516 ut
1285 441 1415 515 Daniel
1436 444 1620 532 nominat,
1646 469 1755 544 quare
1777 439 1999 540 Redemptor
2023 467 2090 515 no-

51 572 124 620 nou
148 571 190 618 ex
213 545 311 616 virili
332 545 467 616 semine
487 559 605 632 ortus,
630 549 692 618 sed
715 573 755 618 ex
777 560 889 620 matre
907 549 1045 638 virgine
1096 547 1252 620 minetur
1266 542 1395 620 Siloh?

49 663 175 738 natus,
206 648 298 722 sicut
318 648 447 720 diserte
468 647 604 720 dictum
627 663 694 722 est:
720 648 851 722 Semen
871 650 1044 726 mulieris.

49 752 149 824 Haec
171 776 247 824 nou
268 775 288 824 a
312 751 418 822 nobis
440 751 587 822 conficta
609 765 661 826 est
683 753 949 845 interpretatio,
981 754 1042 824 scd

48 851 160 928 babet
180 869 321 928 autores
344 866 480 926 veteres
495 850 665 930 Ebraeos.
714 851 808 928 Cum
828 869 946 926 autern
968 855 1044 926 foe-

49 971 126 1030 tum
151 957 268 1028 dicere
290 955 416 1037 vellet,
442 951 527 1026 usu's
540 971 592 1027 est
607 957 716 1028 verbo
731 959 951 1049 significante
967 959 1042 1050 pel-

48 1061 116 1131 lem
136 1059 291 1130 maxime
305 1058 487 1147 fragilem,
514 1072 555 1128 ut
570 1059 826 1150 significaretur
841 1061 956 1154 passio
971 1057 1042 1132 hu-

49 1165 103 1234 ius
125 1159 393 1254 Redemptoris.
445 1159 572 1249 Qualis
595 1162 759 1253 pellicula
785 1175 837 1234 est
860 1163 954 1232 filios
974 1161 1042 1234 Dei

49 1269 183 1336 sudans
210 1264 419 1354 sanguinem
448 1264 487 1331 in
511 1286 642 1358 agone,
675 1277 709 1336 ct
729 1265 860 1336 deinde
882 1267 1042 1358 pendens

47 1370 85 1438 in
101 1391 208 1440 cruce
225 1367 433 1437 vulneratus
447 1379 480 1434 et
496 1365 693 1436 laceratus?
868 1363 872 1374 '

152 1468 250 1540 llaec
271 1469 397 1558 ingens
418 1465 606 1539 iufirmitas
627 1469 819 1560 significata
844 1479 915 1554 est,
951 1492 1042 1564 quae

49 1587 168 1646 tamen
185 1584 421 1656 sustentatur,
446 1569 529 1664 quia
545 1569 645 1642 unita
661 1585 712 1643 est
727 1571 870 1643 divinae
885 1585 1043 1660 naturae,

47 1691 81 1748 et
98 1679 139 1746 in
155 1699 194 1745 ea
213 1672 311 1746 Deus
327 1683 378 1742 est
395 1676 623 1766 σωματικῶς.

154 1775 399 1866 Adspicientes
423 1789 540 1845 autem
565 1787 598 1845 et
621 1769 714 1846 banc
730 1773 919 1846 laceratam
937 1772 1042 1866 pelli-

47 1883 185 1967 culam,
211 1894 245 1951 et
266 1891 386 1972 postea
405 1901 446 1946 ex
464 1871 530 1947 hac
546 1877 736 1968 fragilitate
753 1878 978 1949 exuscitatam
995 1877 1041 1946 ad

48 1999 228 2055 aeternam
256 1980 427 2070 gloriam,
462 1982 507 2049 de
537 1980 643 2050 nobis
668 2003 812 2075 quoque
836 1979 1041 2070 cogitemus.

1197 701 1336 774 Harum
1352 717 1532 776 tantarum
1546 727 1666 775 rerum
1678 701 1904 795 explicationi
1915 700 1983 772 alis
1994 713 2085 772 tem-

1095 827 1182 895 pora
1211 807 1403 878 tribuenda
1430 821 1525 880 sunt.
1591 805 1696 876 Nunc
1721 819 1859 876 tantum
1882 825 2087 874 commone-

1094 908 1283 978 lactionem
1317 910 1472 980 recitabo
1501 911 1546 980 de
1576 906 1827 1000 depravatione
1856 901 1964 976 buius
1988 904 2087 990 dicti,

1095 1035 1186 1102 quae
1220 1005 1417 1081 borrentlos
1456 1015 1593 1082 furores
1629 1013 1724 1102 apud
1758 1005 1906 1078 ludaeos
1938 1007 2084 1100 peperit.

1093 1109 1186 1183 Cum
1209 1126 1279 1182 tam
1298 1139 1412 1184 annos
1428 1115 1604 1204 sexaginta
1621 1117 1666 1182 ab
1681 1111 1817 1182 excidio
1835 1123 2010 1202 postremo
2028 1107 2085 1178 le-

1093 1215 1310 1309 rosolymae,
1331 1219 1476 1287 urbium
1494 1219 1647 1301 cineres,
1672 1229 1706 1284 et
1722 1215 1850 1284 rudera
1866 1207 1930 1285 καὶ
1944 1205 2084 1306 ἐρείπια

1093 1317 1335 1388 testimonium
1350 1321 1521 1404 dicerent,
1546 1319 1652 1387 finem
1667 1340 1740 1386 esse
1754 1315 1898 1408 politiae
1913 1313 2085 1397 iudaicae,

1094 1433 1128 1490 et
1152 1419 1283 1490 scirent
1309 1418 1428 1490 lttdaei
1454 1420 1635 1511 Haggenm
1663 1417 1892 1512 praedixisse,
1926 1414 2084 1490 Redem-

1094 1539 1230 1614 ptorem
1262 1522 1298 1590 in
1327 1523 1390 1592 illo
1419 1524 1497 1614 ipso
1524 1523 1656 1613 templo
1681 1521 1975 1592 concionaturum
2000 1539 2085 1602 esse,

1093 1627 1189 1720 quod
1223 1638 1301 1714 post
1329 1627 1482 1695 reditum
1506 1650 1547 1694 ex
1571 1623 1755 1718 Babylone
1777 1635 1973 1692 ext-ructum
1997 1633 2084 1698 erat,

1094 1741 1127 1796 et
1152 1725 1256 1796 lacob
1285 1751 1324 1796 ac
1346 1725 1531 1796 Danielem
1563 1727 1796 1818 praedixisse,
1828 1737 1947 1817 postea
1975 1721 2083 1792 finem

1093 1829 1238 1922 politiae
1261 1827 1423 1900 ludaicae
1446 1831 1604 1900 futurum
1631 1851 1720 1910 esse,
1753 1842 1788 1898 et
1810 1827 1972 1896 miranda
1993 1825 2083 1894 iacta

1094 1929 1348 2022 Apostolorum
1378 1945 1607 2016 testarentur,
1645 1929 1921 2019 Redemptorem
1945 1921 2085 1998 exhibi-

48 2083 125 2156 ΝΜ
139 2107 221 2154 ,m
237 2097 270 2154 ,g
287 2084 400 2174 1259„
414 2105 536 2152 ,umus
551 2082 693 2152 sordida
711 2096 747 2153 e,
760 2085 905 2152 cruenta·
916 2073 1042 2175 xpm,
1093 2047 1170 2104 tum
1184 2057 1275 2112 esse,
1298 2049 1415 2104 tamen
1432 2035 1468 2103 in
1486 2057 1612 2124 magna
1626 2033 1856 2102 multitudine
1871 2029 2085 2100 ludaeorum

48 2185 289 2258 contaminata
303 2197 464 2278 peccato,
491 2185 542 2254 rei
560 2184 703 2266 mortis,
730 2184 873 2256 lacerati
889 2177 1042 2253 borren-

50 2290 109 2359 dis
123 2287 317 2358 doloribus.

157 2385 232 2457 Has
259 2387 417 2458 miserias
444 2401 486 2459 ut
513 2411 533 2458 a
562 2387 668 2458 nobis
691 2389 826 2460 auferat
846 2387 941 2458 filius
963 2383 1043 2473 Dei,

51 2490 203 2560 similem
233 2490 432 2582 pelliculam
463 2505 604 2562 nostrae
627 2491 726 2560 carni
750 2491 966 2581 adsumpsit,
1007 2501 1042 2558 et

49 2617 118 2685 pro
144 2593 249 2662 nobis
278 2592 421 2664 victima
449 2595 563 2664 factus
591 2605 665 2674 est,
695 2607 730 2663 et
752 2591 835 2686 quia
859 2605 911 2662 est
934 2583 1043 2688 λόγος

1093 2149 1190 2207 tanta
1220 2137 1289 2204 tuit
1315 2138 1523 2226 perversitas
1547 2149 1581 2206 et
1606 2134 1819 2227 pertinacia,
1850 2149 1890 2204 ut
1911 2133 2084 2220 fingerent

1095 2237 1254 2330 politiam
1280 2237 1457 2308 iudaicam
1481 2251 1683 2328 perpetuam
1707 2237 1803 2320 iore,
1828 2249 1862 2304 ct
1884 2235 1961 2304 eius
1982 2231 2085 2302 resti-

1094 2341 1247 2412 tuendae
1265 2365 1367 2410 causa
1390 2335 1600 2411 horribilem
1617 2339 1826 2408 seditionem
1841 2335 1995 2407 Adriani
2011 2331 2085 2404 lm-

1094 2442 1267 2534 peratoris
1282 2456 1442 2534 tempore
1455 2453 1658 2524 moverent,
1682 2441 1829 2510 collecto
1844 2438 2000 2510 exercitu
2012 2449 2085 2506 tre-

1094 2557 1279 2613 centorum
1310 2543 1464 2613 millium
1489 2537 1675 2612 bominum
1699 2565 1740 2612 cx
1764 2541 1942 2630 fugitivis,
1971 2549 2006 2608 et
2028 2561 2085 2608 ss-

1094 2644 1234 2714 ditiosis
1262 2641 1413 2720 ludaeis.
1489 2641 1573 2715 Dux
1602 2639 1709 2714 buius
1741 2641 1984 2712 multitudinis
2013 2635 2083 2710 tuit

48 2693 181 2764 aeterni
201 2695 332 2787 patris,
358 2717 423 2765 nos
440 2691 636 2783 Evangelio
651 2717 715 2764 suo
732 2693 904 2778 vivificat,
931 2705 1042 2782 etge-
1092 2741 1202 2816 homo
1225 2746 1399 2832 furiosus,
1426 2745 1489 2840 qui
1510 2745 1697 2839 Pmdpue
1717 2745 1757 2814 in
1771 2738 2083 2814 Chrpsfimosma,

48 2809 118 2868 stat
137 2819 202 2868 uos
225 2797 324 2868 velut
346 2799 390 2867 de
413 2797 547 2868 cervice
569 2819 631 2867 sua
655 2799 869 2888 pendentes,
891 2819 972 2866 cum
995 2793 1042 2864 sit
1349 2851 1357 2866 .
1617 2848 1626 2866 .
1744 2847 1753 2864 .
1792 2846 1801 2861 .
1830 2847 1839 2863 .
2053 2841 2063 2860 .

1093 2871 1198 2940 gnam
1223 2850 1468 2928 crudelitatem
1489 2860 1662 2931 exercuit,
1692 2871 1756 2940 qur
1773 2847 1841 2916 srbr
1865 2868 1997 2916 nomeu
2017 2856 2083 2914 trt-

49 2899 303 2969 ⁰⁸⁰¹⁰⁸⁵lb¹¹⁸
320 2899 470 2988 ⁰⁰⁸¹‘l⁸’
495 2914 530 2970 ²²
548 2901 808 2970 “md‘oeme
825 2909 961 2968 ηοω·
1093 2951 1172 3022 buit
1194 2943 1435 3037 Bencoclsoh,
1465 2949 1501 3020 id
1526 2963 1595 3036 est,
1630 2949 1725 3018 lilius
1743 2947 1876 3024 stellae.
1927 2945 2019 3018 Nam
2042 2957 2085 3016 ut

151 2997 243 3072 Cum
275 3013 392 3072 autem
417 2993 503 3074 haec
525 2997 752 3098 Etymologia
775 3001 820 3071 de
845 3001 943 3071 foetu
965 3021 1042 3068 am·
1199 3053 1235 3094 ·.
2020 3045 2063 3064 ..

48 3102 247 3196 piissimam
280 3117 314 3174 et
349 3102 591 3174 dulcissimam
622 3101 822 3174 doctrinam
851 3101 1042 3187 contineat,
1093 3067 1317 3172 ”imm‘il‘m
1343 3065 1504 3144 ‘lugeret’
1534 3051 1768 3144 d²²⁰rq⁰⁰b³¹
1792 3054 1836 3122 'd
1862 3073 1935 3120 ⁸⁸⁸⁸
1959 3059 2084 3118 mm·

47 3229 124 3274 nou
142 3207 363 3298 aspernanda
379 3217 449 3291 est,
472 3205 679 3298 praesertim
697 3229 777 3277 cum
794 3187 1051 3275 babeattestes¹
1093 3179 1211 3226 ¹¹¹⁰¹¹¹²
1247 3150 1398 3227 oriem*
1416 3155 1516 3226 ’Μὴ
1541 3179 1582 3224 ²¹
1605 3151 1723 3224 ¹³⁶⁰b·
1780 3151 1973 3248 9⁰⁵¹q¹¹³¹¹¹
1998 3171 2083 3219 '²¹⁰

46 3321 195 3382 veteres.
247 3303 295 3380 Et
317 3331 398 3378 cum
420 3309 534 3402 prosit
547 3309 715 3378 omnibus
732 3307 955 3378 notissimam
968 3327 1042 3376 csse
1093 3256 1204 3330 Μ’
1225 3273 1373 3328 mmm
1395 3255 1550 3377 immin
1571 3255 1798 3344 imp⁰⁸¹⁰m¹¹
1814 3255 1940 3376 ΨΜ
1965 3249 2084 3369 ¹¹⁰¹Pl‘

45 3409 262 3481 sententiam
286 3405 412 3490 Iacob,
434 3423 470 3481 et
493 3409 738 3481 dulcissimum
755 3409 820 3491 sit,
846 3422 967 3481 tenere
983 3407 1042 3478 in·
1093 3371 1315 3534 2²:333?
1336 3357 1579 3454 sml'mnhu’
1598 3351 1806 3445 Bmmb‘r
1831 3359 1868 3428 ¹d
1893 3368 1965 3442 ’δῖ’
1991 3353 2085 3424 fflffl'

46 3513 319 3604 terpretationes
328 3513 520 3583 concinnas
529 3511 799 3594 vocabulorum,
818 3505 1042 3582 deierobanc

44 3615 291 3706 quaestionem
331 3617 376 3685 ad
407 3611 659 3688 Revereudum
699 3614 818 3686 virum
848 3609 1041 3686 Doctorem
1195 3611 1287 3686 Cum
1323 3626 1440 3684 autem
1473 3607 1560 3685 baec
1593 3611 1762 3685 sediciosa
1794 3611 1988 3684 multitudo
2024 3607 2086 3682 lo-

47 3709 253 3810 Georgium
268 3709 472 3802 Maiorem,
497 3731 532 3789 et
546 3731 640 3811 peto,
663 3729 704 3788 ut
722 3729 866 3808 propter
883 3717 1043 3788 iuniores
1094 3719 1264 3788 dacorum
1287 3715 1502 3788 Palestinam
1532 3731 1566 3788 ct
1588 3715 1728 3812 Syriam
1754 3715 1905 3786 vicinam
1935 3713 2086 3808 popula-

48 3817 229 3892 auditores
244 3817 422 3913 copiosius
434 3822 480 3891 de
496 3843 536 3890 ea
554 3819 659 3894 dicat.
709 3815 804 3891 Dixi.
1095 3833 1211 3900 retur,
1246 3813 1429 3888 Adrianus
1454 3815 1649 3912 imperator
1676 3817 1813 3914 aliquot
1833 3816 1981 3912 praeliis
2008 3837 2085 3885 eam

1095 3919 1299 4012 dissipavit,
1329 3921 1366 3989 in
1391 3919 1522 4013 quibus
1541 3933 1657 3990 tamen
1680 3933 1716 3990 et
1730 3943 1856 4012 magua
1872 3921 1994 3990 caedes
2009 3915 2086 3992 Ro-

667 4061 820 4132 ⁰⁰⁶¹⁰'‘'
842 4063 1043 4152 ²*‘⁰¹⁰⁹¹'“‘·
1094 4019 2087 4216 {322353trtllt'tdf‘tttbd‘t?tilttlitttz

1714 4175 1728 4208 1

147 4220 266 4308 Vera,
289 4221 438 4316 simplex
453 4236 488 4295 et
502 4221 618 4292 natira
634 4223 808 4294 sententia
826 4217 1044 4310 buiusdicti,
1094 4228 1187 4298 daici
1209 4225 1416 4310 nominant,
1451 4225 1512 4318 qui
1535 4225 1678 4320 quidem
1701 4239 1735 4294 et
1753 4223 1906 4294 vicinam
1932 4247 2007 4296 esse
2028 4221 2084 4293 di·

44 4349 157 4424 quam
175 4324 214 4396 in
224 4321 379 4396 Ecclesia
393 4337 515 4398 notam
530 4347 604 4394 esse
616 4337 766 4416 oportet,
792 4326 952 4397 continet
967 4351 1043 4396 am·
1095 4345 1180 4400 cunt
1205 4326 1462 4422 ierosolymae,
1489 4351 1599 4420 quare
1620 4349 1684 4417 ego
1706 4323 1889 4397 Bethoron
1913 4351 1986 4398 esse
2011 4323 2086 4396 eri-

42 4427 244 4526 plissimsm
272 4427 490 4508 doctrinam,
529 4441 564 4497 et
585 4425 808 4496 dulcissimas
830 4429 1044 4498 consolatio-
1094 4431 1219 4514 stimo,
1261 4453 1352 4524 quae
1381 4429 1451 4500 tuit
1478 4429 1517 4498 in
1549 4427 1661 4499 limite
1690 4429 1796 4500 sortis
1825 4423 2017 4520 Ephraim,
2052 4441 2086 4498 et

43 4553 125 4604 nes.
176 4526 251 4606 Nec
265 4553 349 4600 vero
365 4531 522 4600 breviter
535 4528 605 4599 dici
623 4541 735 4621 potest
751 4531 796 4598 de
811 4523 868 4599 his
882 4531 1045 4600 maximis
1093 4527 1672 4626 quondamaSslomonemunita
1692 4531 1818 4602 ttrcrat.
1870 4527 1911 4600 ln
1930 4529 1965 4600 id
1982 4527 2085 4622 oppi-

42 4633 174 4716 mbos,
198 4655 308 4726 quare
324 4631 516 4702 constituta
533 4631 579 4702 sit
593 4627 724 4701 Politia
740 4627 910 4718 Mosaica,
935 4657 1042 4726 quam
1094 4639 1180 4706 dum
1197 4629 1442 4704 inclususDux
1458 4655 1538 4702 cum
1555 4647 1653 4724 parte
1665 4633 1861 4726 copiarum,
1887 4645 1960 4704 toto
1973 4633 2085 4702 trien·

43 4733 156 4808 dulce
184 4732 395 4804 beneficium
424 4729 493 4803 Dei
523 4732 650 4817 luerit,
689 4727 820 4803 habere
847 4729 1041 4804 Ecclesiam
1095 4736 1157 4808 nio
1180 4749 1216 4808 et
1237 4759 1295 4806 sex
1316 4733 1499 4804 mensibus
1515 4733 1740 4806 obsidionem
1757 4735 1931 4806 toleravit.
1984 4729 2086 4804 Tan-

44 4849 187 4908 certum
211 4830 407 4926 hospitium
429 4835 468 4904 in
490 4855 618 4924 genere
639 4831 817 4920 bumana,
854 4850 889 4908 et
911 4851 1042 4906 certam
1093 4841 1174 4909 dem
1198 4851 1409 4928 consumpto
1425 4835 1600 4922 exercitu,
1624 4835 1755 4930 partim
1772 4838 1809 4908 in
1827 4833 2087 4928 eruptionibus,

42 4937 232 5011 doctrinae
255 4939 396 5024 sedem,
421 4952 582 5008 ornatam
607 4935 807 5006 illustribus
830 4937 1043 5008 testimoniis
1093 4940 1224 5033 partim
1245 4937 1445 5030 pestilentia
1466 4951 1501 5010 et
1519 4939 1632 5024 lame,
1658 4939 1831 5032 oppidum
1847 4951 2085 5030 expugnatum

41 5067 67 5114 a
85 5037 182 5126 Deo,
207 5039 383 5126 victoriis,
408 5051 444 5110 et
466 5039 641 5109 mirandis
656 5039 757 5110 iactis
771 5035 1043 5134 Prophetarum,
1094 5055 1165 5128 est,
1190 5057 1226 5116 et
1240 5037 1323 5114 Dux
1339 5039 1409 5110 sibi
1426 5039 1502 5132 ipse
1517 5055 1665 5114 mortem
1682 5039 1873 5128 conscivit,
1899 5039 2010 5134 etqui
2027 5061 2086 5110 re-

42 5141 180 5214 deinde
202 5166 311 5236 quare
329 5135 415 5212 haec
435 5135 832 5235 pttlcberrimapolitia‚
858 5141 1042 5214 manifesta
1093 5143 1185 5240 liqui
1209 5157 1329 5226 erant,
1351 5141 1526 5216 interiecti
1550 5157 1645 5214 sunt.
1694 5139 1765 5212 llic
1788 5141 1857 5214 suit
1872 5141 1986 5214 exitus
2002 5165 2086 5211 cru·

42 5243 119 5318 Dei
141 5265 228 5314 voce
241 5244 449 5328 constituta,
475 5267 556 5316 cum
570 5243 731 5314 durasset
745 5243 843 5312 mille
857 5243 1043 5334 octingeo-
1093 5245 1266 5318 delissimi
1289 5242 1473 5340 Tyranni,
1505 5245 1568 5338 qui
1590 5243 1762 5335 gloriatus
1785 5245 1918 5330 iuerat,
1941 5265 1980 5314 se
2002 5241 2087 5313 stel-

44 5363 107 5420 tos
122 5357 158 5416 et
170 5345 262 5416 duos
276 5367 409 5430 annos,
433 5345 596 5416 funditus
608 5344 724 5416 deleta
738 5345 802 5429 sit,
826 5345 914 5440 quid
929 5345 1042 5418 inter-
1092 5349 1164 5420 lam
1188 5371 1281 5434 esse,
1305 5347 1440 5444 deque
1461 5347 1550 5420 dicit
1566 5345 1792 5419 vaticinium:
1819 5339 1972 5419 Orietur
1985 5341 2088 5424 stelle

42 5447 94 5519 sit
123 5445 220 5519 inter
247 5445 502 5540 paedagogium
529 5446 637 5539 legis,
669 5459 704 5520 et
729 5445 908 5518 iusticiam
928 5463 1043 5522 aeter-
1063 5511 1069 5530 .
1093 5475 1134 5523 ex
1151 5447 1269 5524 lacob-

45 4063 227 4154 παρουσία
248 4063 416 4153 Georgii
436 4061 638 4150 Maioris,
