4652 6178
73 229 152 308 ros
293 228 296 237 ⁴
671 167 1092 334 outnsrruutts
1125 227 1525 315 acaunutcau.
2032 237 2111 314 res

70 407 184 498 igitur
219 405 347 478 videns
383 405 663 486 inextricabilem
698 415 944 509 quaestionem
981 433 1075 494 esses·
1118 422 1266 504 propter
1281 402 1348 482 11⁸⁶
1363 408 1537 484 ”utentia
1553 409 1743 505 malletis,
1765 411 1905 509 telique
1918 411 2040 487 omnia
2054 413 2108 484 sa·

71 507 194 582 Musis
216 529 297 580 eum
318 532 519 584 sermonem
538 517 721 602 attribuit,
746 543 835 612 quas
856 518 955 590 velut
975 515 1067 586 vati·
1117 513 1223 584 cilius
1238 514 1422 606 patebunt.
1512 559 1519 572 ·

70 613 236 684 cinantes
263 612 383 703 fingit,
417 615 565 688 obscure
590 642 730 690 canum
756 621 917 692 recitare.
980 615 1066 688 ldeo

69 728 188 785 certas
216 735 291 784 esse
316 715 522 807 politiarum
545 721 733 812 periodos,
767 747 837 817 qna
859 723 898 792 in
920 743 1067 813 genera·
1218 712 1302 788 Duo
1317 730 1435 790 autem
1451 716 1490 788 in
1506 711 1572 788 hac
1586 719 2004 815 sententiaqnaernntur,
2028 715 2111 793 Pri-

68 817 171 888 tione
187 816 357 907 iungatur
370 821 613 913 sesquitertiae
627 825 825 920 quinarius.
874 820 965 896 Eius
980 821 1065 894 dicti
1119 841 1197 902 mo,
1224 843 1396 913 quasnam
1411 817 1628 892 Harmoniae
1650 815 1671 896 ὅ
1691 818 1851 916 πυθμὴν
1866 821 2110 916 sesquitertius

67 919 139 991 etsi
153 919 288 990 multae
303 920 1067 1020 interpretationesadoctisquaesitaesunt,
1117 921 1285 1013 praebeat
1314 921 1355 992 in
1385 922 1584 992 mutatione
1605 924 1723 1013 legum
1749 939 1784 995 et
1803 938 1914 999 status
1937 923 2109 1015 imperio-

67 1037 193 1094 tamen
216 1015 308 1090 hanc
330 1021 626 1114 simplicissimam
649 1053 722 1100 esse
744 1029 885 1114 iudico,
916 1043 957 1100 ut
978 1051 1066 1100 con·
1118 1022 1224 1094 rum?
1265 1021 1404 1093 Deinde
1419 1049 1490 1116 quo
1506 1038 1665 1116 tempore
1679 1025 1741 1096 illa
1758 1027 1907 1098 mutatio
1921 1023 2006 1098 fiat?
2049 1020 2109 1096 Ad

66 1122 318 1194 sonantiarum
348 1124 429 1195 linis
455 1141 582 1208 natura
611 1132 796 1202 ordinatus
815 1145 884 1214 est,
916 1154 997 1202 cum
1019 1130 1064 1198 ad
1117 1125 1269 1217 primam
1296 1125 1538 1221 quaestionem
1561 1129 1776 1219 respondeo,
1810 1151 1900 1222 quae
1922 1125 2109 1219 triplicatis

66 1222 271 1308 διαπασῶν
295 1239 442 1296 ventum
466 1243 531 1300 est:
566 1231 615 1302 ita
639 1232 778 1324 legibus
801 1232 985 1316 fatalibus,
1016 1229 1067 1302 ait
1118 1227 1289 1298 lateribus
1315 1231 1385 1300 τοῦ
1413 1224 1608 1320 πυθμένος
1634 1228 1870 1324 sesquitertii,
1910 1239 2109 1299 excrescant

66 1328 227 1398 subinde
248 1351 341 1396 nova
359 1327 506 1420 imperia
522 1333 653 1404 exoriri
670 1335 857 1406 ruentibus
872 1335 1083 1426 prioribus„
1118 1327 1973 1425 superDiatessaronsemiditonuscumdiapente,
1988 1329 2108 1400 etdia-

65 1443 257 1524 propterea
273 1431 370 1523 quod
386 1435 640 1521 praestantiora
656 1437 830 1522 deliciunt,
855 1439 969 1508 donec
984 1459 1065 1508 rur-
1117 1454 1228 1524 paeon
1250 1455 1329 1502 cum
1351 1431 1582 1518 semiditono,
1607 1432 1645 1502 id
1666 1446 1736 1517 esi,
1761 1432 1909 1524 Settfiffla
1924 1430 2108 1504 eldecima

67 1557 132 1603 sus
163 1531 261 1601 fatali
287 1531 404 1624 aliqua
432 1535 509 1622 lege
533 1537 593 1608 liat
616 1539 844 1625 instauratio,
877 1561 968 1632 quae
989 1537 1064 1629 ipsa
1116 1555 1222 1625 super
1250 1548 1430 1626 quartam,
1461 1548 1502 1604 ut
1531 1557 1628 1604 nunc
1655 1535 1762 1625 vulgo
1785 1535 1979 1628 loquimur.
2028 1528 2110 1604 Etsi

66 1634 247 1706 sententia
269 1645 387 1702 tamen
410 1637 588 1724 adfirmat,
619 1641 742 1710 divina
764 1625 1064 1734 providentia'sic
1117 1636 1213 1706 enim
1240 1635 1320 1705 aliis
1348 1636 1493 1706 musicis
1517 1635 1673 1708 modulis
1696 1637 1922 1708 intervallum
1944 1636 2022 1730 Ωξξ
2049 1658 2109 1706 ra-

67 1736 273 1808 ordinatam
303 1758 377 1804 esse
407 1751 440 1807 et
470 1763 590 1809 rerum
619 1738 864 1815 et‘hominum
887 1756 1063 1822 naturam,
1116 1737 1226 1810 tionis
1248 1737 1387 1830 explere
1409 1761 1612 1832 possemus,
1637 1753 1756 1809 tamen
1778 1739 1871 1810 illud
1888 1737 2037 1810 minime
2054 1737 2108 1808 la·

66 1852 110 1909 ut
140 1837 328 1908 ruentibus
359 1837 519 1928 imperiis
548 1842 617 1912 alia
649 1845 924 1920 constituantur.
990 1842 1060 1916 Sed
1116 1839 1283 1915 ciendum
1302 1863 1376 1910 esse
1394 1863 1596 1926 censemus,
1622 1843 1718 1934 quod
1738 1839 1899 1912 Platonis
1912 1839 2107 1914 sententiae

67 1963 213 2010 cansam
237 1939 363 2009 ruinae
382 1955 557 2014 monstrat
578 1945 741 2018 doctrina
754 1943 951 2032 Ecclesiae,
973 1969 1063 2039 quae
1114 1941 1230 2032 magis
1245 1943 1464 2014 conveniunt
1482 1937 1709 2028 harmoniae,
1735 1967 1823 2037 quas
1838 1943 2008 2034 praebent
2023 1940 2108 2012 bina

69 2042 254 2127 adfirmat,
276 2043 490 2114 mutationes
506 2045 737 2138 imperiorum
754 2071 886 2140 poenas
900 2071 974 2118 esse
988 2071 1062 2117 see·
1115 2044 1231 2114 media
1257 2044 1557 2136 proportionalia,
1583 2069 1674 2141 quae
1695 2046 1790 2118 inter
1805 2039 1982 2137 triplicata
1998 2045 2107 2116 latera
2236 2093 2240 2112 .

68 2145 202 2228 lerum,
227 2167 315 2236 quae
330 2145 453 2236 populi
471 2160 506 2216 ct
519 2143 635 2239 Reges
650 2165 910 2242 perpetrarunt.
950 2148 1063 2240 Saepe
1115 2145 1289 2226 existunt,
1323 2147 1457 2240 alioqui
1481 2145 1578 2217 enim
1601 2148 1721 2240 plures
1744 2143 1969 2232 harmoniae,
1999 2169 2107 2240 quam

69 2241 144 2316 hoc
158 2269 281 2312 verum
295 2259 360 2318 est:
387 2244 567 2342 Quicquid
583 2249 874 2343 delirantllegcs,
900 2251 1062 2344 plectun-
1116 2250 1208 2320 duae
1236 2249 1443 2318 accederent
1470 2249 1713 2342 sesquitertiae
1740 2249 1885 2324 rationi.
1936 2244 2108 2341 Appella-

72 2361 136 2416 tur
161 2341 299 2420 Achivi.
364 2346 433 2419 Sed
459 2351 549 2420 illud
575 2353 680 2423 etiam
704 2379 808 2447 saepe
832 2355 982 2439 accidit,
1022 2366 1063 2423 ut
1115 2373 1195 2420 mus
1212 2349 1321 2440 igitur
1342 2353 1427 2422 duas
1443 2343 1649 2422 harmonias
1665 2351 1836 2445 peculiari
1849 2351 1976 2422 modo:
2002 2349 2108 2420 semi-

71 2445 258 2539 Principes
275 2463 419 2540 propter
436 2454 561 2545 populi
576 2456 703 2527 delicta
721 2457 935 2549 puniantur,
960 2469 998 2525 ut
1013 2455 1062 2524 ait
1115 2451 1279 2522 ditonum
1301 2477 1381 2524 curn
1404 2450 1589 2542 diapente,
1615 2468 1651 2526 et
1672 2455 1844 2546 diapason
1863 2477 1944 2524 cum
1961 2450 2108 2522 semidi-

69 2547 263 2622 Salomon:
300 2549 450 2642 Propter
480 2571 619 2645 peccata
652 2559 774 2650 populi
805 2557 948 2627 crebrae
977 2568 1063 2626 sunt
1115 2567 1219 2638 tono,
1250 2577 1402 2646 quarum
1423 2555 1617 2644 posterior,
1646 2547 1788 2628 ltoc'est
1809 2556 1965 2642 decima,
1998 2553 2107 2624 etsia

67 2651 284 2722 mutationes
304 2649 526 2746 Principum.
590 2656 694 2731 Harrc
722 2659 893 2729 moralem
921 2679 1060 2728 causam
1095 2654 1320 2724 'cantoribus
1343 2679 1408 2747 pro
1431 2650 1617 2728 harmonia
1638 2651 1806 2732 habetur:
1833 2670 1953 2728 tamen
1972 2653 2107 2726 Musici

69 2753 296 2844 praecipuam
323 2777 396 2824 esse
424 2757 587 2830 sciamus.
652 2758 865 2832 Studeamus
886 2773 1004 2830 autem
1028 2771 1060 2826 et
1114 2755 1320 2848 praesertim
1351 2751 1577 2850 Pythagorici
1612 2781 1688 2836 eam
1729 2757 1897 2830 reiiciunt
1933 2771 2105 2851 tanquam

67 2857 185 2946 lenire
208 2856 314 2926 stobis
338 2857 405 2947 ipsi
430 2883 635 2932 communes
653 2863 821 2932 miserias.
873 2861 963 2932 Nam
983 2884 1062 2929 mo-
1114 2879 1259 2950 prorsus
1286 2857 1488 2944 dissonam,
1521 2859 1638 2951 ipsum
1667 2861 1839 2952 diapason
1869 2861 2105 2932 excedentem.

66 2959 271 3044 deratione,
303 2959 509 3051 disciplina,
540 2964 685 3056 pietate,
718 2965 900 3035 flectemus
930 2961 1061 3043 Deum,
1113 2957 1299 3032 Caeterum
1320 2960 1554 3030 semiditonus
1576 2987 1657 3032 cum
1679 2962 1846 3054 diapente
1867 2986 1929 3032 seu
1945 2960 2105 3052 septima,

66 3075 111 3130 ut
127 3060 265 3148 mitiget
281 3083 434 3152 poenas,
458 3077 501 3134 ut
516 3081 661 3158 propter
677 3066 933 3156 poenitentiam
951 3061 1061 3156 Regis
1113 3087 1187 3134 uno
1201 3086 1263 3131 ore
1277 3061 1323 3130 ab
1337 3061 1504 3132 omnibus
1519 3077 1553 3134 ct
1566 3064 1710 3134 musicis
1724 3080 1759 3134 et
1769 3064 1987 3148 cantoribus,
2010 3062 2105 3132 inter

65 3177 104 3232 et
115 3161 240 3252 populi
257 3163 407 3236 mutavit
423 3165 602 3238 decretum
618 3167 818 3238 chinive:
844 3163 928 3256 Quo
942 3189 1060 3236 exem·
1113 3163 1282 3235 stridulae
1312 3159 1541 3260 symphonias
1571 3165 1747 3240 abiicitur.
1817 3161 1965 3238 Constat
1995 3163 2104 3255 igitur

63 3264 129 3358 plo
145 3263 283 3333 illustre
297 3265 538 3336 testimonium
553 3269 658 3340 nobis
673 3268 868 3362 proposuit,
893 3267 1061 3340 nestoica
1113 3264 1371 3360 sesquitertiam
1398 3267 1574 3346 rationem
1604 3267 1782 3341 dulcisoni
1809 3267 2027 3340 diatessaron
2050 3281 2105 3338 ter

64 3367 273 3438 necessitate
302 3367 377 3456 regi
407 3391 464 3438 res
493 3363 667 3442 humanas
689 3371 947 3458 existimemus,
979 3393 1059 3441 cum
1113 3367 1342 3460 compositam
1364 3369 1533 3461 praebere
1553 3369 1642 3446 duas
1663 3369 1919 3456 dissonantias,
1950 3366 2103 3440 maxime

64 3492 172 3540 suum
187 3467 295 3538 etiam
311 3471 491 3540 decretum
507 3473 698 3544 mutaverit
713 3487 857 3566 propter
872 3468 1059 3544 hominum
1113 3471 1306 3540 secuudum
1323 3466 1580 3564 Pythagoram,
1605 3495 1625 3542 a
1646 3495 1719 3564 quo
1733 3471 1836 3544 Plato
1861 3470 2016 3563 plurima
2034 3493 2104 3540 nu-

63 3570 364 3642 emendationem.
416 3569 511 3662 Quia
526 3575 604 3646 vult
621 3569 688 3646 hoc
704 3577 866 3666 agnosci,
890 3577 985 3669 quod
1003 3597 1060 3644 ce-
1112 3595 1293 3644 merorum
1317 3565 1532 3642 theoremata
1555 3574 1724 3664 sumpsit,
1746 3568 1946 3644 harmoniis
1965 3595 2104 3642 accom-

61 3673 228 3744 lebrstur
250 3673 293 3742 de
311 3673 408 3764 ipso,
431 3671 488 3744 his
504 3676 639 3746 verbis:
664 3675 746 3747 Non
760 3678 945 3748 delectaris
961 3676 1061 3748 Deus
1113 3676 1267 3758 modata,
1293 3672 1400 3766 idque
1416 3672 1647 3744 noniniuria.
1698 3669 1917 3768 Pythagoras
1932 3674 2027 3744 enim
2043 3671 2104 3742 in-

61 3773 269 3870 perditione
288 3775 421 3862 nostri,
444 3777 506 3846 sed
522 3793 600 3869 post
617 3771 805 3849 lachrimas
820 3779 941 3850 reddis
957 3777 1060 3849 laeti-
1111 3788 1239 3846 ventor
1251 3773 1396 3846 illarum
1409 3775 1587 3846 rationum
1602 3789 1638 3848 et
1652 3797 1813 3846 susumus
1827 3775 1951 3848 artiiex
1968 3773 2047 3850 tuit
2097 3783 2102 3804 ⁸
2181 3843 2186 3850 ,

61 3877 172 3948 dam.
237 3873 291 3946 lta
313 3899 409 3948 nunc
430 3880 647 3972 poenitentia
671 3894 705 3950 et
727 3905 809 3951 vera
835 3881 1060 3952 invocatione

59 3979 208 4049 ilectere
223 4001 304 4052 eum
320 3979 541 4067 studeamus,
566 3997 605 4052 ut
620 3977 682 4052 has
697 3977 873 4054 Ecclesias
887 3997 922 4054 et
937 4007 1059 4054 earum
1213 3975 1272 4050 Ad
1296 3977 1486 4052 emendam
1503 3977 1745 4074 quaestionem
1766 3979 1964 4072 respondeo
1985 3977 2105 4048 verbis

60 4075 222 4173 hospitia
238 4094 371 4165 servet,
393 4079 463 4154 'nec
478 4083 572 4154 sinat
587 4083 728 4154 vincere
744 4107 823 4178 eos,
848 4085 910 4179 qni
925 4109 1059 4156 conan-
1110 4077 1293 4164 Platonis,
1326 4105 1416 4175 quae
1438 4081 1520 4152 illae
1541 4083 1755 4153 mutationes
1777 4081 1884 4168 fiant,
1916 4079 2060 4174 quando
2082 4073 2104 4151 d

59 4197 127 4254 tur
160 4179 260 4252 ldola
291 4183 469 4269 stabilire,
515 4209 610 4284 quae
641 4181 808 4256 horribili
843 4187 1059 4258 contumelia
1112 4177 1272 4276 πυθμὴν
1293 4183 1536 4277 sesquitertius
1558 4184 1778 4274 triplicatur,
1801 4182 1876 4252 sive
1898 4177 2103 4258 utAristot.

58 4279 183 4356 Deum
206 4283 387 4359 adficiunt.
438 4284 522 4356 ldeo
542 4301 688 4380 propter
708 4287 858 4377 gloriam
878 4303 912 4358 et
930 4291 1059 4360 verita·
1111 4285 1283 4379 loquitur,
1308 4287 1453 4378 quando
1468 4281 1913 4374 numerusdiagrammatis
1926 4283 2000 4353 sive
2014 4307 2103 4376 qna-

60 4399 137 4456 tem
168 4397 266 4464 tuam
294 4399 435 4466 aeterne
456 4385 555 4460 Deus
577 4413 644 4464 nos
665 4403 809 4484 protege
833 4403 867 4464 et
889 4391 1059 4482 guberna.
1111 4387 1277 4476 dranguli
1301 4387 1340 4458 fit
1360 4387 1515 4472 solidus,
1540 4381 1609 4458 hoc
1624 4399 1694 4470 est,
1723 4383 1954 4458 trasenna.
2005 4381 2102 4454 Haec

60 4485 161 4562 Dixi.
1111 4501 1152 4560 ut
1181 4487 1421 4578 explicentur,
1449 4503 1484 4558 et
1510 4501 1694 4580 appareat,
1725 4509 1814 4558 num
1838 4481 1924 4557 haec
1946 4501 2039 4558 recte
2060 4510 2101 4554 ex

1111 4589 1284 4664 sententia
1310 4587 1471 4660 Platonis
1500 4589 1754 4681 protulerimus
1785 4610 1924 4658 necesse
1951 4599 2003 4658 est
2035 4609 2103 4658 nos

222 4715 413 4805 &pypmyo
441 4687 659 4789 Mamm
686 4719 901 4808 mum,
1111 4691 1215 4762 initio
1239 4693 1410 4782 quaedam
1435 4690 1605 4760 vocabula
1631 4689 1815 4780 explicare.
1872 4687 1997 4758 Primo
2020 4687 2102 4781 qui-

464 4835 469 4848 ·
1110 4797 1192 4864 dem
1218 4789 1287 4866 τὸν
1312 4787 1492 4884 πυθμένα
1521 4815 1596 4862 non
1625 4805 1718 4862 reete
1749 4801 1932 4860 verterunt
1956 4789 2103 4884 cubum,

165 4891 284 4964 Verba
312 4885 473 4960 Platonis
510 4889 548 4960 in
585 4907 710 4966 octavo
738 4897 952 4968 nauteam:
1001 4883 1059 4968 ὧν
1110 4897 1227 4988 ipsum
1253 4893 1350 4964 enisu
1375 4892 1586 4964 vocabulum
1612 4893 1754 4984 proprie
1775 4891 1948 4982 significat
1971 4891 2102 4962 insida-

60 4989 248 5088 ἐπίτριτος
273 4987 433 5086 πυθμὴν
461 4987 648 5086 asperth
674 4990 861 5096 συζυγεὶς,
893 4990 966 5070 δύο
988 4991 1056 5092 cip-
1108 5010 1269 5068 mentum
1284 5017 1346 5066 seu
1360 4996 1532 5078 landum,
1555 4995 1629 5062 sive
1643 5008 1838 5064 extremum
1854 4993 2004 5064 alicuius
2021 5016 2102 5064 cor·

59 5093 201 5190 μονίας
226 5093 424 5190 παρέχεται
450 5091 530 5190 apic
556 5092 742 5191 αὐξηθεὶς.
804 5095 906 5188 Quac
926 5099 1056 5170 deinde
1108 5101 1222 5190 poris,
1248 5099 1343 5192 quud
1370 5119 1490 5166 revera
1513 5119 1555 5166 ex
1573 5092 1777 5194 Gennaetria
1797 5107 1932 5166 constat
1949 5118 2101 5167 asuen-

59 5201 103 5270 in
128 5198 279 5272 Platone
303 5212 523 5292 sequuntur,
554 5199 779 5280 obscuriora,
813 5213 853 5272 nt
876 5201 1056 5286 videntur,
1107 5201 1297 5292 perficiem.
1374 5194 1603 5290 Quapropter
1633 5196 1785 5268 sciamus
1812 5191 2000 5266 Platonem
2032 5189 2104 5267 boc

61 5295 149 5373 huic
171 5300 367 5374 sententiae
385 5299 506 5372 omnia
530 5315 613 5371 sunt
634 5301 793 5384 inclusa,
827 5317 864 5372 ut
885 5316 921 5374 et
942 5299 1055 5378 Arist.
1105 5303 1280 5374 vocabulo
1310 5299 1530 5392 superficiem
1560 5299 1745 5388 designare
1773 5311 1808 5368 et
1836 5298 1983 5392 quidem
2012 5321 2101 5390 qua-

60 5403 101 5474 in
116 5403 245 5480 utumo
260 5426 336 5494 cap.
350 5397 902 5496 quintiPoliticorumiudicavit.
953 5401 1055 5496 Qua·
1104 5403 1332 5496 drangulam,
1363 5401 1455 5475 sicut
1484 5401 1596 5497 liquet
1625 5425 1667 5472 ex
1694 5399 1902 5486 Aristotele,
1941 5397 2006 5494 qui
2034 5391 2115 5471 adr
