4652 6178
73 297 146 378 005
649 291 1079 396 QUAESTIONES
1131 279 1542 366 academicam
2041 295 2115 370 ⁸0ss
2234 276 2237 289 '

72 473 247 552 cherrima
270 471 447 548 Ecclesiae
469 475 508 546 in
526 470 594 548 hac
618 473 711 562 vita,
740 497 831 572 quae
856 487 908 547 est
932 473 1069 545 inclusa
1187 451 1365 544 responso
1384 452 1431 522 “d
1451 449 1679 537 similem
1703 451 1819 544 hert,
1853 453 1902 530 lt.
1925 455 2051 532 raon

70 581 270 654 ministerio
294 579 414 668 verbi,
439 603 514 650 nnn
538 579 660 664 aliter,
686 603 793 672 quam
812 573 1071 670 loetuspauni-
1538 535 1703 608 ’,ὠή

69 683 163 756 culis
182 683 272 754 suis:
304 682 353 753 ita
386 682 492 753 etiam
524 675 609 754 haec
640 681 759 754 cordis
789 680 1009 770 refrigeratio
1034 690 1072 746 ct
1212 673 1280 750 Est
1295 675 1443 746 omnino
1453 691 1495 748 ut
1509 676 1618 764 dicis,
1637 677 1930 774 carissimepw,
1952 689 2112 782 quaestio

69 786 263 882 spirituum
290 783 451 858 vitalium
468 783 667 876 generatio,
692 783 838 880 qrsaebt
862 782 1070 874 sinespira·
1119 781 1227 872 digna
1257 779 1509 872 explicatione,
1549 803 1657 874 φησι
1690 781 1862 878 proponis
1890 812 1931 858 ex
1961 785 2115 880 Galeno,

67 891 169 962 tione
199 887 400 982 pulmonis,
435 885 578 958 videtur
614 907 688 956 esse
712 885 829 978 imago
865 880 1071 954 donationis
1118 883 1177 954 cui
1198 883 1316 954 autori
1338 893 1379 952 ut
1401 882 1438 951 iu
1457 879 1528 952 alia
1544 895 1616 954 tota
1633 879 1774 956 Medica
1798 901 1873 960 arte
1889 891 2016 966 merito
2030 895 2112 988 plu·
2219 925 2224 932 ·

67 991 228 1084 Spiritus
250 989 362 1060 sancti
385 1004 419 1060 ct
443 987 692 1060 vivificationis
718 987 757 1057 in
775 987 916 1059 sanctis.
969 985 1071 1058 Sicut
1119 984 1250 1056 rimum
1270 984 1481 1070 tribuimus,
1507 984 1558 1055 ita
1578 977 1636 1054 bic
1652 1009 1794 1082 quoque
1809 991 1914 1082 plane
1927 997 2112 1082 assentior,

67 1095 168 1166 euim
192 1093 311 1162 iulans
333 1115 408 1160 non
432 1083 552 1162 haurit
573 1090 776 1162 immediate
799 1087 942 1160 vitalem
965 1087 1069 1158 illum
1118 1086 1312 1158 affirmanti
1335 1085 1506 1158 infantem
1528 1089 1566 1156 iu
1591 1101 1691 1160 utero
1713 1103 1873 1162 materno
1896 1094 2015 1170 vivere
2034 1099 2113 1172 sine

67 1194 224 1268 halitum
246 1217 287 1263 ex
309 1187 377 1262 hoc
393 1195 493 1280 aiire,
518 1193 580 1264 sed
601 1217 642 1262 ex
657 1205 769 1262 matre
790 1203 928 1263 tautum
944 1188 1071 1284 accipit
1118 1189 1370 1282 respiratione,
1402 1212 1492 1284 quae
1515 1183 1668 1260 thoracis
1693 1214 1734 1261 ac
1756 1193 1936 1284 pulmonis
1951 1205 2114 1300 συστολῇ

68 1323 137 1392 per
161 1299 287 1386 longos
307 1296 519 1367 arteriarum
537 1297 663 1366 ductus
680 1297 798 1364 adrem
820 1293 919 1387 prius
935 1307 1070 1384 tempe·
1118 1287 1182 1364 καὶ
1208 1287 1386 1384 διαστολῇ
1409 1291 1607 1383 perficitur,
1640 1296 1844 1384 praesertim
1862 1325 1942 1372 cum
1970 1303 2045 1376 cius
2061 1307 2112 1378 rei

69 1417 212 1486 ratum,
238 1411 273 1469 et
296 1412 416 1468 tamen
441 1397 615 1468 efficacem
633 1397 677 1466 ad
698 1397 935 1488 mitigandum
953 1395 1071 1465 cordis
1119 1408 1223 1466 testes
1247 1387 1377 1464 habeat
1412 1383 1600 1476 αὐτόπτας
1623 1391 1873 1486 Anatomicos‚
1911 1403 1974 1496 qni
2008 1430 2113 1500 expa-

69 1517 227 1586 aestum,
260 1513 295 1570 et
309 1502 354 1570 ad
377 1499 545 1570 tuendam
560 1500 686 1570 vitam:
714 1498 764 1572 ita
779 1501 817 1570 in
832 1495 988 1569 Ecclesia
1007 1499 1071 1568 da·
1119 1495 1269 1567 rientiae
1290 1497 1445 1586 allegant
1466 1483 1727 1582 testimonium,
1762 1499 1830 1572 lide
1853 1504 2114 1596 dignissimum.

69 1619 133 1677 tur
158 1603 315 1697 Spiritus
338 1615 480 1672 sanctus
501 1625 566 1694 per
590 1601 740 1671 verbum
768 1615 802 1672 ct
823 1626 887 1694 per
908 1601 1071 1670 ministe-
1120 1597 1312 1690 Quomodo
1333 1611 1451 1668 autern
1474 1611 1635 1670 constare
1651 1613 1685 1670 et
1699 1599 1828 1674 durare
1843 1605 1954 1697 possit
1967 1609 2040 1680 vita
2055 1611 2113 1682 iu-

69 1711 168 1780 rium
186 1705 285 1775 verbi
300 1703 443 1774 vocalis.
494 1701 583 1774 Nam
599 1701 754 1795 Spiritus
769 1717 909 1774 sanctus
931 1725 1004 1772 nou
1020 1715 1072 1774 est
1119 1700 1227 1770 fantis
1250 1701 1288 1769 in
1310 1713 1412 1770 utero
1436 1693 1601 1771 sine‘bac
1622 1701 1873 1794 respiratione,
1899 1707 2114 1802 longaesset

71 1811 196 1881 efficax
218 1820 313 1877 extra
331 1805 499 1890 verbum,
523 1819 557 1876 et
573 1817 668 1876 extra
692 1819 832 1878 coetum
851 1819 1071 1889 vocatorum,
1120 1803 1354 1896 explicatione
1374 1826 1482 1894 opus,
1513 1803 1542 1872 si
1566 1801 1697 1878 Galeni
1719 1809 1930 1880 sententiam
1948 1815 1992 1884 de
2009 1838 2113 1906 pecar-

71 1915 112 1983 in
130 1905 439 1982 contemnentibus
457 1921 518 1978 aut
539 1906 799 2000 negligentibus
816 1909 983 1993 verbum,
1009 1907 1070 1976 sed
1120 1907 1269 1975 liaribus
1283 1905 1480 1990 meatibus,
1505 1903 1635 1999 quibus
1655 1910 1796 1998 sanguis
1811 1927 1844 1982 et
1861 1909 2007 2005 spiritns
2024 1917 2115 1990 vita-

72 2015 179 2086 affert
202 2013 311 2082 vitam
336 2035 375 2081 ac
397 2009 698 2092 consolationem,
730 2025 764 2082 et
778 2009 941 2080 accendit
959 2033 1072 2080 novos
1120 2009 1165 2077 lis
1196 2009 1235 2078 in
1263 2007 1470 2098 pulmonem
1502 2002 1704 2094 invehitur,
1740 2033 1905 2086 enarrare
1937 2017 2114 2096 deberem.

74 2130 195 2187 motus
210 2138 249 2184 ac
267 2135 395 2184 novam
411 2113 525 2183 lucem
541 2113 580 2182 iu
604 2113 647 2182 iis
663 2123 822 2196 tantum,
846 2111 907 2206 qui
924 2109 982 2201 pie
996 2137 1072 2180 aru-
1121 2107 1171 2180 Et
1184 2123 1235 2180 est
1250 2111 1406 2203 prolecto
1422 2133 1460 2178 ea
1476 2131 1531 2178 res
1542 2109 1712 2182 miraculo
1727 2112 1914 2204 similima,
1935 2119 2114 2216 sicutipse
2142 2163 2147 2170 ·

75 2221 283 2313 plectuntur
315 2217 463 2286 verbum
492 2211 562 2284 Dei
590 2215 636 2285 de
667 2213 762 2286 Filio
790 2211 880 2294 Dei,
914 2209 1072 2286 Domino
1122 2237 1266 2306 quoque
1304 2209 1465 2282 Galenus
1498 2211 1685 2300 exclamat,
1725 2213 1762 2282 id
1793 2240 1866 2289 esse
1901 2213 2115 2314 θαυμάτων

80 2333 205 2392 rrostro
226 2317 303 2390 lesu
321 2313 485 2403 Christo,
511 2317 603 2390 illud
629 2329 767 2405 amant,
789 2317 933 2410 legunt,
958 2315 1074 2386 medi·
1122 2307 1276 2386 πάντων
1297 2309 1495 2412 μέγιστον,
1529 2316 1624 2406 quod
1651 2315 1705 2384 illi
1724 2333 1857 2391 meatus
1872 2347 1977 2392 cavae
1994 2349 2115 2410 venae,
2228 2355 2232 2362 ·

85 2435 222 2508 ungu„
250 2421 516 2512 mggnifacium,
1122 2431 1157 2488 et
1172 2413 1336 2486 Arteriac
1358 2437 1525 2504 magnae,
1562 2415 1801 2504 ingredientes
1818 2421 1857 2492 iu
1873 2447 1953 2496 vasa
1972 2428 2115 2520 pulmo-

440 2604 450 2626 .
530 2607 539 2625 ·
1002 2541 1055 2619 ··
1123 2519 1199 2602 nis,
1224 2519 1262 2586 in
1280 2517 1476 2588 infantibus
1498 2517 1678 2608 conspicui
1700 2533 1734 2592 et
1750 2523 1925 2606 manifesti
1943 2545 2020 2618 post
2033 2555 2115 2622 par-

182 2607 306 2682 Postea
324 2631 408 2678 vero
421 2622 515 2680 sicut
526 2607 646 2678 inians
663 2619 839 2678 extractus
854 2631 895 2676 ex
912 2605 1075 2676 claustris
1122 2634 1198 2691 mm
1206 2669 1219 2702 ,
1245 2643 1326 2688 cum
1345 2617 1479 2710 spirare
1497 2641 1585 2708 puer
1599 2615 1773 2690 Thoracis
1793 2641 1891 2696 motu
1907 2632 2022 2720 coepit
2065 2635 2115 2706 ita

79 2713 232 2784 materni
256 2711 367 2791 uteri,
401 2724 547 2780 nonest
573 2724 779 2792 contentus,
814 2709 1074 2779 nutrimentum
1123 2732 1353 2806 evanescant,
1379 2733 1421 2789 ut
1443 2742 1488 2789 ne
1514 2720 1699 2810 vestigium
1724 2723 1868 2814 quidem
1891 2685 2115 2822 ampliuiul.

80 2839 123 2886 ex
150 2815 322 2886 uberibus
342 2813 466 2882 matris
487 2813 664 2907 accipere,
696 2814 755 2882 sed
784 2812 858 2901 ipse
881 2811 951 2879 iam
973 2807 1075 2876 avide
1121 2818 1199 2894 tum
1217 2832 1339 2892 eorum
1356 2833 1537 2914 appareat.
2036 2829 2039 2836 ’

80 2913 326 2988 bauritaiirem
342 2909 439 2984 bunc
455 2928 656 2994 externum,
674 2915 854 3007 perfusum
870 2907 1075 2982 coelestium
1226 2924 1296 2996 sed
1320 2925 1403 3016 quia
1428 2922 1596 3014 temporis
1622 2927 1782 3015 angustia
1807 2953 1881 3000 non
1897 2935 2030 3025 patiam-
2047 2931 2115 3012 hoe

78 3043 270 3112 corporum
293 3017 420 3087 radiis:
452 3015 502 3089 lta
521 3013 709 3108 posthanc
731 3017 839 3086 vitam
857 3015 1074 3083 laeticoram
1125 3029 1163 3097 jn
1185 3027 1264 3096 1000
1288 3026 1483 3115 longiorem
1509 3028 1554 3094 de
1576 3050 1616 3095 ea
1639 3049 1676 3096 re
1700 3049 1898 3103 sermonem
1922 3037 2107 3114 instituere

79 3125 243 3192 fruemur
256 3120 513 3190 cousuetudine
529 3133 563 3189 et
577 3119 761 3209 complexu
775 3118 980 3188 dulcissimo
999 3114 1077 3198 Dei,
1125 3131 1190 3200 ista
1209 3130 1441 3222 explicatione
1454 3127 1582 3198 omissa
1599 3129 1756 3201 transibo
1773 3136 1928 3208 adalind
1948 3099 2118 3215 orationib

79 3237 117 3294 et
132 3224 387 3314 perlundemur
401 3234 436 3291 et
456 3221 716 3292 illustrabimur
733 3221 935 3288 immediate
948 3216 1076 3309 spiritu
1126 3255 1256 3322 genus,
1278 3232 1387 3320 magis
1402 3230 1656 3314 necessarium,
1689 3237 1855 3330 quodque
1873 3263 1936 3330 ‘3⁰
1956 3247 2117 3316 omnium

78 3323 168 3406 Dei,
193 3347 258 3416 per
279 3347 384 3418 quem
406 3323 445 3392 in
466 3323 674 3394 aeternitate
697 3323 873 3408 vivemus,
907 3319 1021 3413 etqui
1038 3317 1076 3386 in
1127 3334 1361 3406 libentissime
1377 3327 1435 3402 bic
1450 3333 1592 3422 publice
1607 3357 1759 3426 usurpo,
1782 3340 1962 3430 videlicet,
1982 3361 2023 3418 ut
2038 3370 2119 3439 gra-

79 3425 150 3499 hac
171 3427 360 3522 temporali
383 3426 455 3496 vita
478 3426 736 3518 propemodum
758 3425 848 3496 marti
870 3445 993 3493 sumus
1016 3443 1079 3490 cu-
1128 3437 1195 3507 tia,
1216 3459 1316 3525 agam
1344 3435 1630 3527 praeceptoribus
1653 3438 1760 3522 meis,
1788 3465 1940 3534 quorum
1962 3471 2069 3542 0901,
2085 3465 2119 3522 ,ι

82 3555 160 3602 ram
183 3528 277 3614 Deo,
309 3541 350 3599 ut
371 3525 490 3597 inians
512 3529 550 3596 in
569 3541 690 3612 utero,
722 3541 784 3598 aut
804 3520 897 3595 nibil
918 3522 991 3594 lere
1008 3521 1080 3592 uisi
1129 3540 1198 3610 fide
1211 3541 1255 3608 ,d
1273 3533 1369 3608 hunc
1383 3539 1529 3628 gradum
1545 3551 1684 3608 evectu,
1699 3563 1777 3610 ,um
1797 3559 1860 3616 „g

82 3631 248 3728 querelas
270 3633 315 3700 de
339 3643 459 3700 nostra
475 3629 614 3698 miseria
630 3641 665 3698 et
686 3627 898 3717 indignitate
914 3624 1079 3696 mussita-

82 3755 181 3806 mus:
215 3745 301 3802 tunc
316 3745 486 3824 concepto
512 3731 605 3801 intra
629 3745 768 3822 pectora
786 3744 906 3800 nostra
926 3727 989 3796 illo
1006 3727 1080 3818 spi-

82 3839 158 3908 ritu
182 3833 267 3919 Dei,
292 3857 520 3925 erumpemus
544 3833 582 3901 in
608 3832 850 3916 laetasvoces,
874 3845 907 3900 et
926 3827 1080 3899 aeternis

83 3938 253 4010 laudibus
284 3936 541 4006 celebrabimus
568 3935 776 4004 immensam
801 3931 1079 4002 misericordiam

83 4040 169 4115 Dei.
221 4035 337 4128 Quem
362 4037 475 4108 Deum
497 4051 678 4108 aeternum
698 4049 832 4126 patrem
849 4033 997 4106 Domini
1014 4056 1081 4102 no-

83 4143 153 4216 stri
184 4137 263 4210 lesu
289 4133 426 4210 Christi
456 4164 541 4226 oro,
571 4153 612 4210 ut
643 4156 739 4208 nunc
770 4163 912 4232 quoque
944 4137 984 4204 iu
1015 4130 1081 4204 bac

82 4265 296 4316 aerumnosa
316 4242 389 4312 vita
407 4255 505 4331 regat
526 4253 561 4312 et
574 4241 754 4318 illuminet
767 4264 832 4312 suo
852 4239 992 4308 vivifico
1007 4236 1081 4328 spi-

86 4349 161 4419 ritu
176 4368 242 4414 uos
260 4343 409 4414 miseros
434 4358 469 4413 et
487 4343 683 4412 imbecillos
700 4343 885 4434 puerulos,
912 4354 955 4410 ut
969 4337 1081 4430 possi·
1134 4383 1314 4466 Quaemo
1347 4399 1372 4449 a
1404 4377 1549 4450 Pam
1579 4373 1660 4476 ’wo
1716 4385 1881 4454 recitata
1915 4389 2003 4460 ..Μ

87 4469 170 4521 mus
188 4447 264 4516 beri
288 4467 370 4516 vasa
393 4445 670 4528 misericordiae,
702 4459 737 4516 et
760 4465 891 4534 organa
913 4439 1081 4510 salutaria
1665 4429 1679 4472 ’
2003 4413 2124 4464 ‘mm'

1052 4541 1062 4560 .
1135 4487 1301 4554 statione
1334 4483 1447 4552 nom.
1480 4481 1655 4554 Doctus-is
1688 4481 1920 4560 latrante
1951 4491 2124 4566 Scissa·-

88 4549 196 4622 nobis
211 4565 245 4620 et
260 4549 349 4618 aliis.
401 4545 563 4618 Tueatur
576 4545 680 4618 etiam
697 4560 730 4616 et
744 4559 927 4615 conservet
942 4543 1083 4662 carissi·
1133 4583 1240 4656 “ab
1283 4579 1446 4656 Noram
1469 4587 1570 4654 em
1617 4581 1656 4660 9·
1673 4581 1918 4661 &Decem
2015 4593 2034 4668 ¹

90 4676 169 4724 mos
200 4663 364 4744 parentes
393 4661 427 4718 et
456 4662 699 4742 praeceptores
726 4661 886 4731 nostros,
918 4655 1084 4739 quisunt
1245 4637 1258 4671 '
1442 4605 1468 4680 9
1576 4635 1591 4671 '
1937 4615 1998 4664 “ll-
2038 4595 2126 4672 55⁰·

88 4754 212 4826 dulces
241 4753 295 4822 illi
326 4749 482 4836 canales,
516 4773 577 4841 per
599 4773 688 4843 quos
714 4749 818 4818 nobis
848 4747 1007 4818 coelestis
1028 4769 1084 4816 sa-
1136 4735 1261 4826 Credu
1286 4741 1536 4818 honestissimo
1560 4749 1712 4818 consilio
1737 4752 1937 4828 institutum
1961 4785 2054 4852 esse,
2086 4781 2126 4840 ut

89 4857 225 4952 pientia
247 4868 280 4924 et
303 4854 376 4923 vita
398 4853 670 4932 transmittitur,
708 4867 743 4922 et
767 4851 933 4921 defendat
957 4849 996 4917 in
1028 4843 1085 4916 lais
1136 4854 1240 4924 nobis
1265 4851 1382 4944 pueris
1407 4847 1445 4918 in
1462 4843 1518 4918 his
1532 4852 1756 4941 spectaculis,
1782 4855 1821 4925 in
1844 4859 1974 4951 quibus
1990 4869 2131 4956 gravis-

89 4957 274 5032 l'uroribus
299 4955 455 5036 diaboli,
489 4979 529 5024 ac
550 4953 665 5024 foveat
696 4953 856 5045 politias,
889 4945 1028 5020 scholas
1052 4961 1086 5018 et
1137 4954 1219 5026 simi
1240 4953 1328 5038 viri,
1359 4965 1515 5036 senecta,
1545 4952 1717 5044 sapientia
1737 4969 1772 5027 et
1794 4959 1924 5032 virtute
1945 4985 2126 5055 praestan-

88 5059 287 5144 Ecclesias,
319 5081 409 5151 quae
439 5071 522 5127 sunt
543 5055 749 5148 panniculi,
781 5054 912 5149 quibus
933 5049 1087 5121 involuti
1138 5072 1192 5129 tes
1213 5053 1449 5137 conveniunt,
1479 5052 1620 5124 dicendi
1647 5069 1763 5148 partes
1784 5061 1889 5130 etiam
1911 5066 2127 5150 tribuantur.

92 5163 250 5235 suaviter
270 5173 463 5251 gestamur,
496 5159 696 5242 nutrimur,
728 5155 904 5248 rigamur,
939 5169 973 5225 et
997 5153 1087 5224 vivi·
1139 5157 1267 5230 Voluit
1288 5155 1384 5226 enim
1403 5153 1542 5246 sapiens
1558 5157 1751 5252 antiquitas
1772 5184 1837 5236 nos
1853 5167 1970 5236 statim
1990 5197 2008 5239 a
2029 5185 2128 5244 tena-

93 5268 243 5336 ficsmur
258 5262 401 5333 coelesti
418 5285 510 5332 rore.
560 5257 656 5332 Dixi.
1140 5261 1190 5332 ris
1213 5281 1286 5329 esse
1313 5270 1524 5350 spectatores
1547 5253 1676 5328 borum
1702 5283 1972 5352 congressuum,
2004 5287 2036 5340 et
2061 5271 2129 5346 boe

1141 5361 1303 5456 exemplo
1330 5373 1365 5430 et
1381 5359 1559 5428 similibus
1574 5361 1728 5432 invitare
1747 5365 1791 5432 ad
1808 5364 1989 5439 literarum
2013 5387 2048 5444 et
2065 5379 2131 5446 do-

1142 5465 1276 5539 ctrinae
1292 5459 1577 5536 admirationem.
1628 5459 1721 5534 Cum
1737 5479 1854 5536 autem
1869 5467 1976 5543 luerit
1989 5467 2134 5551 ltonesta

1391 5561 1475 5638 tt*

1135 3987 1301 4114 „Q
1901 4001 2121 4077 emanso:

1912 4094 2123 4136 w„

1201 4198 1234 4256 In
1254 4199 1406 4274 Quaestion
1425 4219 1452 4274 p.
1472 4201 1556 4257 loll.
1575 4209 1603 4256 et
1620 4201 1649 4258 in
1669 4201 1738 4260 Mal.
1755 4203 1860 4260 cenail
1878 4205 1910 4264 Ρ.
1926 4209 1962 4265 ll.
1980 4229 2009 4284 p.
2023 4213 2082 4274 182.
