4666 6170
55 313 124 392 ees
282 423 289 430 .
414 263 1389 398 semeraan‘vrran‘nroerruu
1421 315 1720 402 unranrn.
1900 307 1906 318 '
2009 329 2086 406 ese

53 513 149 584 opus.
201 485 323 588 Atque
337 495 519 566 recordari
542 520 578 568 se
601 495 797 568 multorum
819 494 954 580 aiebat,
980 493 1043 588 qui
1095 489 1162 564 hac
1184 517 1256 564 una
1281 495 1326 564 de
1347 518 1449 564 causa
1478 497 1709 590 sequentibus
1729 497 1856 570 diebus
1879 499 1978 572 abire
2001 527 2020 574 a
2047 525 2084 596 se

53 619 115 665 suo
139 609 300 686 tempore
322 597 394 670 vita
418 613 536 692 erepta
559 613 707 670 eventus
724 599 849 689 ¹tristes
865 597 1043 670 declinas·
1094 597 1260 682 iubebat,
1286 597 1350 690 qui
1374 599 1481 668 officii
1505 623 1607 670 causa
1630 603 1776 674 adeum
1792 602 1979 676 visendum
1995 627 2084 674 con-

53 713 142 778 sent,
170 701 218 769 ad
235 699 362 771 mortis
385 714 504 772 tamen
527 715 700 773 terrorem
725 701 794 772 alia
819 699 922 796 'quasi
944 723 1040 770 arma
1093 697 1393 774 venerant-Hac
1407 695 1662 794 diel'lpithema
1678 705 1710 774 ei
1728 705 2000 796 parabatur,·in
2011 731 2083 802 quo
2164 795 2166 804 Ι
2211 739 2213 742 ·
2325 783 2326 812 ¹

51 801 197 894 requiri.
237 797 290 870 Hi
303 803 412 892 igitur
425 817 502 874 turn
519 827 697 874 sermones
712 804 811 876 illius
825 806 924 875 fuere
940 815 1041 873 ante-
1093 824 1222 893 genere
1238 803 1341 874 valde
1357 803 1502 874 laudare
1517 805 1652 876 solebat
1671 807 1901 879 coralliorum
1914 810 2083 881 virtutem

52 929 157 998 quam
172 905 217 973 ad
244 906 436 995 prandium
463 909 705 990 descenderet,
731 931 772 978 cx
797 931 869 1002 quo
896 919 1041 1000 propter
1094 919 1128 976 et
1146 906 1353 991 efficaciam,
1369 929 1477 999 quarn
1493 921 1576 990 ante
1591 931 1705 980 annos
1721 911 1849 1000 viginti
1864 937 1944 982 cum
1961 936 2003 982 ex
2017 914 2081 982 de·

51 1011 163 1102 λῆψιν
190 1025 413 1096 praesentem
430 1009 470 1078 in
495 1010 665 1080 lectulum
687 1023 728 1080 ut
749 1011 904 1080 diximus
926 1010 1041 1078 dedu-
1092 1009 1231 1078 bilitate
1266 1007 1383 1079 cordis
1415 1009 1621 1099 gravissime
1653 1013 1831 1086 laboraret
1864 1012 2082 1103 Wimariae,

50 1110 222 1183 ctusfuit.
270 1107 350 1180 Hoc
367 1125 523 1204 tempore
541 1113 589 1184 ita
599 1109 705 1210 ¹²)in
721 1115 812 1184 lecto
829 1113 1040 1183 decumbere
1093 1125 1275 1204 expertum
1317 1135 1353 1181 se
1387 1135 1461 1180 esse
1492 1115 1718 1205 praedicabat
1751 1117 2082 1207 praesentissimam,

51 1213 180 1306 caepit,
204 1223 249 1282 ut
264 1206 420 1284 thoracis
439 1229 579 1286 tautum
600 1218 758 1288 vestibus
777 1216 923 1286 servatis
945 1227 1040 1285 exte·
1091 1215 1291 1306 applicante
1305 1213 1337 1282 ei
1352 1209 1564 1304 epithemata
1583 1241 1625 1286 ex
1645 1212 1701 1287 bis
1717 1215 1873 1310 Georgio
1892 1218 2080 1292 Sturciade

52 1315 160 1386 riores
192 1315 353 1410 reliquas
376 1331 538 1404 exueret,
569 1321 666 1414 quod
699 1315 848 1392 antehac
880 1317 1039 1388 interdiu
1092 1317 1230 1386 medico
1256 1316 1451 1386 clarissimo
1474 1317 1604 1412 quibus
1634 1345 1715 1390 cum
1735 1345 1820 1392 usus
1843 1321 1984 1410 luisset,
2017 1347 2081 1416 per

53 1419 344 1510 praecedentibus
358 1415 415 1489 his
430 1421 546 1492 morbi
561 1422 868 1494 diebusomnibus
883 1436 924 1491 ut
945 1421 1039 1488 face·
1091 1419 1245 1512 quietern
1270 1418 1341 1487 sibi
1372 1419 1527 1490 oblatam
1560 1421 1669 1492 fuisse
1698 1423 1837 1496 dicebat
1867 1426 2106 1498 sententiam‘

56 1535 121 1606 ret,
145 1521 357 1614 persuaderi
380 1547 455 1592 uon
480 1537 662 1616 potuerat,
712 1523 826 1596 Iacuit
860 1523 909 1594 ita
933 1517 1039 1592 horas
1090 1515 1306 1612 Prophetae:
1359 1518 1444 1592 Non
1463 1523 1613 1607 moriar,
1638 1527 1698 1596 sed
1718 1527 1856 1614 vivam,
1882 1523 2080 1600 etannun-

61 1637 136 1708 tres,
160 1625 201 1692 in
220 1624 351 1717 quibus
368 1627 521 1698 surrexit
536 1627 722 1722 aliquoties
738 1629 782 1698 ad
800 1649 954 1697 secessus
975 1649 1038 1693 ne·
1091 1622 1192 1694 ciabo
1210 1647 1315 1715 opera
1330 1623 1487 1708 domini,
1513 1639 1548 1696 et
1567 1628 1673 1716 paulo
1690 1643 1770 1719 post
1788 1652 1824 1700 se
1846 1632 2079 1706 convaluisse.

60 1727 237 1812 cesarius,
269 1728 317 1798 ita
336 1729 431 1797 enirn
454 1732 612 1800 mundus
637 1755 759 1816 senex,
785 1745 820 1802 et
841 1731 980 1822 pudens
989 1722 1038 1824 ¹³)
1090 1725 1188 1796 Haec
1208 1725 1317 1816 igitur
1342 1727 1437 1820 quod
1460 1727 1678 1800 meminisset
1700 1733 1770 1802 sibi
1792 1733 1830 1802 in
1848 1735 1999 1804 maxima
2015 1736 2079 1804 de-

57 1843 139 1912 erat,
162 1843 205 1900 ut
226 1853 272 1900 ne
288 1831 353 1902 tali
370 1831 515 1924 quidem
531 1844 690 1927 tempore
711 1857 775 1902 suo
797 1831 1038 1924 porrectiones
1090 1829 1229 1899 bilitate
1247 1831 1421 1921 profuisse
1438 1843 1543 1923 atque
1558 1831 1607 1902 ita
1624 1833 1769 1928 quidem
1795 1849 1835 1906 ut
1858 1838 1975 1907 statim
1997 1862 2080 1912 cum

54 1945 106 2002 aut
122 1932 323 2004 ministeria
338 1936 546 2029 cuiusquam
561 1930 627 2006 hac
639 1935 677 2006 in
691 1949 790 2028 parte
803 1935 897 2004 serre
910 1946 1038 2026 posset.
1090 1931 1355 2023 applicarentur
1364 1933 1588 2004 corroborari
1600 1957 1637 2004 se
1649 1937 1806 2018 sentiret,
1823 1950 1858 2007 et
1872 1963 1952 2008 cum
1962 1965 2079 2010 remo-

54 2032 116 2104 Sed
138 2036 282 2106 circiter
302 2039 492 2107 secundam
507 2039 787 2130 pomeridianam
806 2062 886 2108 curn
908 2037 1037 2107 itcmm
1090 2048 1277 2119 verentur,
1309 2035 1474 2106 debilitas
1496 2051 1709 2123 recurreret,
1760 2035 1846 2108 Ideo
1870 2053 1949 2111 tum
1970 2042 2077 2112 etiam

53 2137 277 2225 mererisset,
303 2141 396 2210 etde
412 2141 501 2212 lecto
519 2165 633 2236 usque
655 2143 700 2210 ad
722 2141 913 2210 fenestram
935 2137 1037 2208 cubi·
1090 2159 1132 2208 ex
1147 2137 1303 2207 coralliis
1320 2151 1354 2210 et
1370 2138 1468 2218 aliis,
1495 2163 1647 2232 quorum
1664 2149 1738 2210 non
1754 2141 1875 2212 minor
1895 2145 1940 2213 ad
1957 2169 2079 2216 corro-

53 2241 140 2326 culi,
168 2241 235 2311 ubi
258 2243 392 2314 matula
421 2242 498 2336 ipso
529 2244 578 2314 ita
611 2243 753 2314 volente
784 2243 1037 2336 deponebatur,
1090 2241 1292 2310 horandum
1322 2241 1436 2310 virtus
1467 2255 1518 2311 est
1547 2255 1583 2314 et
1604 2243 1776 2330 efficacia,
1810 2242 2022 2338 epithemata
2044 2247 2078 2316 ei

54 2345 274 2436 processisset
297 2358 477 2415 revertens
494 2349 539 2416 ad
562 2345 751 2431 lectulum,
774 2369 853 2417 cum
877 2345 915 2413 in
941 2339 1037 2414 hunc
1090 2357 1210 2435 parata
1225 2345 1343 2428 fuere,
1368 2357 1406 2414 ut
1423 2343 1596 2432 diximus,
1622 2345 1753 2439 quibus
1769 2361 1889 2440 postea
1911 2351 2079 2422 omnibus

54 2449 237 2517 ascendere
260 2449 384 2534 vellet,
416 2449 564 2520 delicere
594 2475 674 2520 eum
696 2450 789 2520 vires
817 2471 963 2540 coepere
978 2443 1038 2542 ι“),
1090 2446 1207 2515 morbi
1223 2447 1348 2514 diebus
1364 2448 1594 2540 sequentibus
1611 2471 1695 2519 usus
1712 2463 1774 2521 est.
1825 2443 1883 2522 Ad
1900 2453 2077 2524 decimum

55 2549 145 2620 utin
167 2547 423 2647 scabellum²⁵)
442 2565 525 2622 ante
547 2551 677 2624 lectum
701 2553 796 2623 inter
811 2574 938 2620 manus
956 2547 1036 2620 loa·
1091 2562 1225 2618 sextum
1254 2545 1428 2618 Calendas
1451 2547 1559 2635 Maii,
1592 2575 1682 2644 quae
1704 2565 1756 2622 est
1775 2547 1913 2646 Aprilis
1942 2556 2080 2625 decima

59 2647 156 2722 chimi
180 2649 380 2724 Camerarii
411 2668 446 2724 et
471 2655 591 2746 generi
616 2654 765 2728 Peuceri
792 2651 1037 2738 collaberetur,
1090 2665 1185 2721 sexta
1210 2650 1304 2731 dies,
1336 2674 1416 2721 cum
1441 2653 1648 2724 surrexisset
1676 2655 1721 2724 de
1741 2655 1832 2726 lecto
1858 2671 1899 2727 ut
1923 2659 2079 2728 diximus

59 2755 109 2824 sed
124 2755 289 2826 celeriter
305 2751 466 2827 adhibita
489 2781 529 2828 ea
551 2757 650 2828 luere
665 2783 755 2854 quae
779 2757 895 2828 solent
918 2769 952 2826 et
974 2757 1036 2826 de·
1090 2754 1229 2824 circiter
1243 2749 1369 2823 horam
1389 2754 1601 2826 matutinam
1617 2769 1797 2850 quartam,
1820 2759 1985 2850 precibus
2006 2760 2079 2831 suis

61 2857 131 2928 beut
149 2872 192 2930 ut
214 2853 441 2956 λειποψυχία
464 2874 702 2948 averteretur,
729 2886 880 2954 eumque
903 2859 1037 2953 paulis-
1090 2853 1269 2926 ad'Deum
1290 2857 1459 2948 peractis,
1484 2881 1572 2952 quas
1595 2859 1746 2930 faciebat
1767 2875 1809 2933 ut
1832 2857 1982 2934 antehac
2001 2885 2080 2932 sae-

66 2983 116 3050 pes
128 2961 172 3032 ita
188 2961 312 3032 iacens
335 2987 371 3032 se
385 2964 640 3054 recollegisset,
668 2965 708 3034 in
727 2965 896 3036 lectulum
918 2977 1037 3056 postea
1090 2941 1208 3055 pe¹⁶),
1235 2959 1283 3030 ita
1298 2954 1355 3030 his
1371 2960 1488 3031 morbi
1504 2961 1630 3033 diebus
1647 2963 1930 3050 ardentissimas,
1946 2979 1981 3036 et
1996 2979 2078 3036 ante

6 3139 7 3152 χ
65 3063 206 3134 sublatus
229 3077 303 3150 est,
352 3063 426 3136 Ubi
446 3066 555 3137 iacuit
580 3091 691 3161 usque
708 3071 753 3138 ad
769 3066 949 3160 sequentis
965 3065 1036 3136 diei
1091 3087 1215 3134 omnes
1237 3062 1385 3132 diurnas
1407 3087 1532 3156 operas
1550 3087 1651 3152 suas,
1676 3060 1752 3153 his,
1777 3079 1819 3137 ut
1833 3062 2080 3145 Christianum

60 3168 260 3237 matutinam
278 3163 404 3238 horam
421 3169 560 3240 circiter
573 3185 748 3264 quartam.
799 3168 948 3240 Noctem
973 3191 1037 3238 au·
1091 3161 1274 3234 hominem
1294 3167 1409 3235 lacere
1432 3188 1496 3257 par
1518 3181 1584 3253 est,
1618 3167 1774 3260 primum
1797 3183 1937 3264 tempus
1961 3172 2094 3267 dabat„

59 3281 115 3338 tern
135 3270 238 3340 illam
255 3293 340 3363 prae
356 3273 500 3344 caeteris
515 3295 657 3364 gravem
680 3269 823 3354 habuit,
850 3271 889 3342 in
910 3293 980 3364 qua
1004 3281 1038 3339 et
1090 3265 1158 3338 His
1181 3269 1291 3359 igitur
1304 3268 1408 3338 dictis
1430 3270 1475 3338 ad
1491 3269 1612 3340 literas
1634 3267 1861 3346 Borussiacas
1887 3287 2081 3359 revertens,

57 3373 163 3442 somni
187 3395 317 3464 parum
341 3387 375 3446 et
398 3376 503 3446 tussis
526 3377 691 3462 molesta,
723 3389 758 3448 et
780 3375 876 3470 quod
903 3374 936 3443 ei
958 3385 1039 3466 post
1091 3395 1181 3465 quae
1214 3372 1345 3440 addere
1369 3371 1583 3462 cogitaverat
1616 3373 1867 3465 perscribebat.
1919 3374 1997 3446 Hac
2021 3377 2080 3445 die

56 3497 297 3570 paroxysmum
313 3499 451 3570 semper
463 3479 620 3550 accidere
635 3479 789 3566 solebat,
815 3477 941 3549 urinae
954 3477 1037 3546 mit·
1090 3471 1314 3544 Camerarius
1336 3468 1421 3543 hinc
1435 3473 1616 3547 discedere
1629 3475 1823 3567 cogitabat,
1847 3491 1889 3550 ut
1905 3480 2081 3551 constitu-

55 3579 173 3648 tcudae
190 3602 315 3650 caune
330 3581 469 3673 saepius
486 3583 702 3671 surgendum
719 3583 799 3656 suit.
849 3578 948 3650 Hace
969 3579 1039 3650 luit
1090 3577 1136 3648 tis
1151 3575 1250 3647 dorni
1269 3577 1376 3646 rebus
1392 3577 1544 3670 publicis
1567 3591 1601 3650 et
1617 3579 1766 3672 privatis
1782 3581 1876 3664 suis,
1903 3595 1937 3653 et
1951 3581 2082 3653 confir·

53 3683 170 3774 quinta
194 3685 306 3778 λῆψις
327 3707 394 3777 qua
420 3683 645 3774 affligebatur
671 3697 703 3756 et
734 3685 876 3777 gravius
899 3696 932 3753 et
956 3683 1038 3752 diu·
1091 3693 1185 3749 mata
1209 3679 1345 3750 familia
1363 3673 1433 3750 huc
1451 3705 1558 3774 quam
1576 3681 1733 3774 primum
1752 3683 1870 3754 redire
1885 3699 2021 3776 posset,
2048 3699 2083 3756 et

55 3785 117 3854 tius
137 3807 250 3878 quam
277 3785 352 3854 ulla
380 3810 421 3856 ex
447 3787 756 3879 praecedentibus,
782 3786 926 3857 duravit
942 3785 1038 3855 enirn
1091 3805 1234 3852 manare
1250 3805 1331 3852 cum
1347 3785 1649 3868 necessariosuo,
1665 3785 1838 3881 dumque
1861 3811 2082 3859 resevasura

50 3887 160 3957 morbi
180 3911 412 3982 paroxysmus
427 3897 539 3983 usque
556 3892 600 3959 ad
616 3889 800 3982 septimam
817 3891 926 3960 lerme
942 3889 1039 3959 illius
1091 3897 1191 3970 essct,
1207 3885 1372 3974 cognosci
1388 3897 1514 3978 posset,
1528 3900 1562 3958 et
1571 3887 1734 3959 soliditas
1742 3889 1914 3982 corporis,
1928 3906 1964 3963 et
1979 3914 2082 3984 prae-

51 3989 116 4058 diei
131 3992 396 4082 vespertinam,
422 4007 463 4066 ut
478 4005 568 4064 esset
586 3988 755 4064 horarum
778 3993 823 4062 ad
848 3991 1038 4062 minimum
1092 3987 1279 4079 cipuorum
1305 3987 1550 4060 membronrm
1568 3989 1736 4078 firmitas,
1757 3993 1896 4063 cerebri
1917 3993 2083 4084 inprimis

52 4091 189 4177 decem,
213 4094 355 4186 qualem
371 4117 487 4189 neque
505 4109 604 4182 ante,
628 4119 744 4191 neque
761 4107 840 4188 post
856 4093 965 4164 sensit
980 4093 1039 4163 ul·
1091 4085 1184 4160 hanc
1216 4114 1314 4183 spem
1346 4090 1532 4176 afferebat,
1564 4091 1725 4164 futurum
1760 4107 1800 4166 ut
1826 4118 1906 4166 curn
1931 4094 2082 4186 septimo

53 4191 132 4266 lum.
182 4189 328 4283 Frigere
345 4197 376 4265 ei
390 4198 428 4267 in
446 4197 509 4268 illo
527 4213 624 4269 aestu
639 4198 758 4269 febrili
781 4221 909 4267 manus
925 4209 959 4268 et
976 4221 1039 4288 pe·
1092 4217 1302 4288 paroxysmo
1316 4193 1443 4280 sebris,
1467 4210 1508 4265 ut
1520 4195 1632 4265 ferme
1645 4195 1820 4267 tertianae
1834 4195 1962 4282 solent,
1987 4195 2083 4266 desi-

51 4295 107 4372 des
121 4295 305 4384 solebant,
331 4311 365 4368 et
385 4312 504 4370 tamen
525 4301 679 4372 calorem
695 4301 876 4371 internum
899 4311 1038 4372 tanturn
1092 4309 1209 4380 neret,
1243 4309 1277 4368 et
1310 4295 1472 4389 quamvis
1506 4296 1734 4370 imbecillitas
1775 4295 1963 4370 manifesta
1996 4313 2083 4380 erat,

51 4399 242 4483 sentiebat,
279 4413 321 4470 ut
349 4401 442 4472 intra
469 4403 661 4494 stragulam
687 4405 792 4495 pedes
813 4403 858 4472 ad
888 4401 1038 4471 dimidia
1091 4412 1230 4469 tanturn
1264 4411 1380 4468 tamen
1411 4396 1544 4468 virium
1574 4401 1695 4469 adesse
1729 4401 1941 4490 putabatur,
1994 4425 2083 4495 quae

50 4501 182 4572 femora
207 4525 320 4596 usque
342 4527 416 4574 non
440 4519 556 4598 posset
569 4505 770 4590 continere,
797 4519 858 4576 aut
878 4517 1038 4576 contecta
1092 4501 1256 4570 morbum
1276 4513 1509 4590 praesentem,
1524 4499 1553 4570 si
1568 4523 1643 4570 non
1660 4523 1846 4594 superare,
1862 4501 1986 4574 saltem
2003 4527 2084 4576 sus-

52 4603 279 4674 essesinere.·
316 4601 439 4700 ltaque
460 4632 540 4677 cum
556 4623 645 4680 esset
667 4621 709 4678 ut
720 4607 876 4677 diximus
899 4609 1046 4700 puden-'
1091 4603 1204 4676 tinere
1224 4601 1362 4672 diutius
1380 4616 1540 4706 possent,
1563 4627 1647 4672 nam
1667 4603 1758 4674 sicut
1781 4605 1858 4676 lieri
1871 4607 1979 4688 solet,
1996 4608 2082 4676 dum

52 4705 222 4791 tissimus,
255 4731 371 4801 neque
403 4709 514 4804 aspici
541 4710 773 4782 nudationem
801 4710 907 4780 talem
928 4732 1039 4794 suam,
1091 4702 1237 4796 spiritus
1252 4699 1381 4796 est¹’),
1410 4727 1489 4796 spes
1506 4727 1582 4776 non
1598 4707 1810 4798 deponitur,
1831 4723 1866 4780 et
1887 4710 2082 4780 secundum

52 4831 163 4902 neque
180 4811 493 4882 contrectationem
511 4813 556 4882 ab
572 4813 839 4905 explorantibus
855 4811 1037 4906 quomodo
1091 4805 1222 4878 Poetae
1239 4807 1471 4888 versiculum:

53 4910 212 4982 allectum
247 4933 376 5002 corpus
398 4929 503 5002 esset,
538 4939 653 5010 aequo
683 4916 803 4986 animo
828 4914 1039 5005 patiebatur,
1141 4947 1339 5013 150me
1355 4949 1521 5034 ,apicum
1537 4949 1775 5016 mumma·

51 5035 155 5107 usque
172 5013 219 5084 ad
233 5025 429 5086 extremum
447 5031 481 5088 et
503 5014 618 5112 (quod
633 5017 869 5089 animadverti
884 5013 1038 5112 poterat)

1091 5110 1197 5203 Quod
1228 5112 1268 5181 in
1302 5105 1370 5180 hoc
1403 5133 1486 5180 casu
1519 5111 1631 5200 magis
1660 5111 1785 5194 fiebat,
1821 5133 1902 5180 cum
1938 5123 2081 5181 consta-

1091 5227 1144 5286 ret
1167 5213 1435 5326 ardentissimas
1454 5237 1521 5308 pro
1546 5225 1691 5304 aegroto
1714 5225 1837 5284 nostro
1862 5235 1983 5306 preces
2006 5211 2083 5283 beri

50 5183 273 5202 ψ

84 5276 132 5347 12)
148 5275 240 5338 EM.
256 5277 447 5343 pacatumue.

85 5361 126 5432 11)
143 5363 194 5421 sa.
213 5367 239 5419 l.
256 5367 400 5432 predam
421 5381 452 5418 es
466 5363 577 5419 mendo.

86 5447 127 5514 14)
144 5449 273 5517 eccum]
293 5447 369 5502 abest
383 5449 416 5503 eb
431 5447 475 5504 ed.
490 5451 513 5511 l.
1128 5464 1171 5532 16)
1188 5467 1289 5531 saepe]
1307 5459 1357 5514 Ed.
1373 5461 1405 5520 2,
1418 5475 1539 5528 semper.

87 5533 128 5604 15)
146 5533 238 5593 EM.
263 5535 395 5590 ambella.
980 5585 983 5592 ,
1124 5549 1175 5621 17)
1196 5552 1251 5614 m]
1267 5545 1356 5603 EM.
1373 5547 1458 5597 ebear.

54 5621 222 5698 Μιιιιτι.
240 5627 346 5694 om.
372 5627 456 5696 Vos.
471 5625 518 5696 X.
1388 5615 1434 5728 1⁰5
