4608 6164
243 298 321 382 μη
990 275 1323 357 cadumum
1371 278 1484 356 usn.
1510 279 1540 360 ι.
2163 291 2212 372 ω.

244 471 316 549 llic
332 470 409 544 vidi
426 465 552 542 Musas
565 483 631 558 pro
645 457 814 534 Carmine
829 469 948 530 texere
959 469 1052 530 serta

292 573 457 650 Praemia
468 567 597 642 victori
610 565 719 658 digna
732 553 911 633 lonchime
926 558 1007 635 tibi.

245 679 317 754 llic
330 677 407 750 vidi
423 675 532 746 laetas
546 670 676 766 plausu
688 663 864 758 vultuque
876 661 1022 734 canenti

295 779 448 880 Myrillo
464 771 602 848 Aonias
615 791 719 862 saepe
732 767 852 837 favere
866 762 972 838 Deas.

245 881 502 974 Somaticiaque
516 875 603 948 iocis
618 867 678 944 hic
693 867 827 942 Micale
843 867 933 940 seria
948 865 1087 950 condis,

295 981 556 1078 Exacuuntque
569 973 659 1050 sales
673 985 816 1068 pectora
831 984 953 1041 nostra
968 969 1035 1040 tui.

246 1091 306 1166 Sic
320 1091 415 1162 fama
431 1097 486 1156 est
497 1081 626 1154 lusisse
640 1097 773 1162 senem,
797 1097 880 1145 cum
894 1073 987 1145 forte
997 1071 1066 1142 sub
1074 1071 1239 1143 umbram

294 1191 480 1268 Defessum
494 1179 631 1280 platani
645 1175 808 1252 Phaedre
822 1189 962 1247 secutus
980 1195 1069 1246 eras.

244 1295 316 1370 Hic
329 1309 392 1368 tua
407 1289 575 1364 convivas
590 1281 757 1356 facundia
772 1277 927 1372 Caspare
941 1277 1064 1371 pascit,

295 1397 380 1472 Diis
396 1392 484 1487 ipsis
497 1383 641 1484 etiam²)
657 1397 798 1458 nectare
812 1396 910 1474 grata
925 1380 1048 1470 magis.

243 1497 337 1576 Cum
353 1497 534 1569 celebrent
549 1485 695 1563 hortum
710 1499 919 1557 vernantem
935 1483 1020 1556 talia
1037 1479 1160 1565 lonae,

293 1601 436 1694 Lipsica
451 1597 540 1694 qnid
555 1595 681 1666 landas
696 1589 841 1684 praedia
858 1585 976 1660 Rusca
992 1579 1108 1655 mihil

315 2120 347 2176 ln
367 2117 467 2242 [εἴη.
478 2111 601 2240 {reperim
625 2109 654 2164 in
675 2121 740 2178 opp.
753 2103 817 2160 Bas.
834 2103 869 2158 T.
880 2105 916 2161 ll.
934 2121 961 2176 p.
975 2102 1036 2160 852.
1071 2101 1156 2178 Apud
1169 2099 1243 2156 Vin-

348 2207 400 2246 ssn
439 2203 467 2258 p.
535 2221 543 2240 .

613 2335 674 2410 Ad
698 2339 876 2407 Pinum.

247 2485 341 2563 Cum
359 2501 453 2552 nova
467 2473 614 2570 coepisti
627 2483 813 2542 contexere
828 2465 985 2538 carmina
998 2462 1101 2550 Pine,

299 2585 392 2678 Quia
407 2575 518 2666 mihi,
543 2571 710 2648 Phoebus
725 2572 794 2657 ait,
818 2569 953 2643 Mareia
967 2589 1050 2640 rure
1064 2567 1208 2661 strepit!

247 2687 356 2764 Anne
370 2687 500 2757 iterum
516 2679 645 2752 stultus
660 2687 762 2748 vocat
778 2675 818 2743 in
835 2673 1028 2744 certamina
1042 2671 1183 2744 Divos?

298 2787 472 2884 Quisquis
487 2808 541 2872 es,
566 2793 669 2854 exuta
685 2799 799 2872 poena
815 2777 948 2848 luenda
963 2787 1042 2846 cute
1058 2787 1122 2850 est.
1220 2863 1223 2870 μ

261 3099 327 3174 Nu.
342 3097 404 3174 60·
972 3089 1052 3171 (fere
1067 3111 1116 3157 an.
1134 3087 1244 3170 1525.)

249 3195 420 3226 w
977 3183 1242 3222 *W

318 3301 350 3356 ln
369 3299 468 3422 faqrag.
482 3295 574 3422 fppcr.
593 3299 620 3348 el
632 3291 661 3346 in
675 3305 740 3362 opp.
754 3285 816 3342 uo.
834 3281 869 3342 T.
879 3281 914 3341 V.
933 3301 963 3358 p.
976 3284 1038 3341 352.
1074 3285 1156 3356 Apud
1170 3283 1243 3340 Vin.

350 3387 423 3428 oen.
441 3383 467 3439 p.
531 3403 540 3422 .

615 3518 675 3592 Act
706 3525 877 3592 sonoro.

299 3667 458 3740 Coenam
472 3657 651 3750 negligere
665 3669 717 3726 est
731 3652 923 3747 piaculare,

300 3769 373 3842 Sed
386 3765 527 3862 qualem
542 3763 627 3832 dare
640 3753 785 3850 Apitius
799 3755 951 3836 solebat.

263 3861 265 3866 ’
302 3871 440 3942 Verum
455 3888 521 3937 nos
535 3877 678 3936 tenuem
695 3861 802 3930 modo
817 3879 996 3951 paramus,
1054 3919 1057 3924 .

300 3973 456 4064 Qualem
470 3967 528 4038 vel
544 3965 686 4038 Samius
702 3986 808 4032 senex
825 3961 999 4052 pobasset‚

301 4075 460 4148 Graecos
476 4069 537 4140 ille
552 4066 703 4138 docebat
718 4063 864 4136 esurire.

300 4173 338 4252 Ο
355 4200 430 4249 non
444 4168 640 4261 Theologis
657 4169 792 4238 bonum
811 4161 1029 4254 magistrum.

299 4271 457 4372 Haud')
475 4278 520 4347 ad
538 4273 608 4346 tale
624 4293 688 4362 ego
705 4268 897 4361 prandium
913 4262 1038 4334 vocavi

299 4381 458 4454 Francae
473 4378 609 4450 lumina
624 4373 739 4466 gentis
754 4367 824 4442 huc
838 4391 1007 4440 vocamus

301 4481 361 4557 Ad
376 4495 499 4566 notos,
524 4493 730 4570 veteresque
745 4489 779 4546 te
793 4471 946 4556 sodales,

301 4587 421 4682 Atque
438 4579 505 4654 hac
518 4580 595 4672 lege
610 4578 731 4650 venire
744 4593 779 4650 te
793 4577 971 4658 iubemus,

300 4689 342 4763 si
359 4711 435 4761 non
448 4682 535 4756 haec
546 4682 616 4753 tibi
630 4705 733 4774 parca
747 4703 870 4750 mensa
888 4676 1019 4748 sordet.

263 4997 330 5070 No.
345 4993 408 5067 61.
976 4989 1247 5070 (semensas.)

259 5089 430 5122 m
980 5085 1242 5121 ψ

322 5195 354 5250 ln
373 5193 475 5317 lsqraq.
487 5189 580 5318 Ιδιεὲιτ.
597 5199 624 5246 et
635 5189 665 5244 in
680 5207 746 5262 opp.
760 5189 820 5247 Bas.
838 5189 873 5248 T.
882 5189 916 5246 V.
938 5205 967 5260 p.
980 5182 1042 5243 858.
1077 5191 1159 5262 Apud
1178 5185 1245 5240 Vin-

355 5283 427 5321 oen.
444 5280 473 5335 p.

290 5443 320 5503 l)
338 5435 397 5492 llas.
410 5433 478 5488 Diis
494 5429 583 5484 etiam
597 5440 638 5484 aas
652 5433 728 5495 ipsas.

288 5521 321 5588 *l
339 5517 440 5584 Βανά]
456 5513 538 5570 Bait.
552 5513 623 5569 Huc.

1339 1221 1383 1295 In
1398 1249 1502 1298 scena
1518 1228 1631 1300 risum
1646 1253 1729 1300 cum
1743 1227 1935 1324 cietatque
1950 1229 2057 1303 iocos.

1289 1321 1339 1398 Et
1353 1329 1468 1401 vetuit
1481 1331 1553 1402 sale
1570 1355 1632 1402 seu
1647 1329 1807 1402 mordaci
1821 1331 1957 1423 tingere
1972 1345 2078 1418 aceto,

1339 1429 1485 1502 Lecturi
1499 1433 1643 1506 irritent
1658 1459 1748 1529 quae
1762 1433 1985 1530 illiciantque
2000 1435 2120 1526 gulam.
2255 1463 2256 1532 j

1291 1526 1439 1626 Optime
1455 1533 1542 1608 lona
1558 1537 1658 1630 cupis
1674 1559 1814 1608 causam
1830 1561 2058 1629 cognoscere,
2081 1535 2163 1608 nulla
2174 1549 2208 1608 cst
2255 1549 2256 1622 l

1196 1674 1203 1686 ·
1343 1634 1446 1710 Illius
1461 1637 1501 1708 in
1517 1652 1590 1712 toto
1607 1663 1755 1734 corpore
1772 1639 1863 1712 mica
1881 1641 1979 1712 salis.

1269 5489 1273 5556 ¹³
1331 5517 1362 5586 *l
1380 5516 1674 5586 HaeclJBsmtSec.
1685 5519 1765 5573 mes's.

1656 451 1719 528 Ao
1747 459 1922 532 loom

1288 605 1453 680 Scribere
1478 631 1536 680 me
1563 621 1703 682 tantum
1732 605 1840 684 Crato
1864 609 1995 686 blanda
2016 605 2221 711 Epigramma
2255 687 2256 716 q

1823 711 1926 787 iussit

1338 808 1512 907 Cecropio
1527 835 1619 910 quae
1631 813 1704 888 siut
1719 814 1838 888 dulcia
1856 815 1961 890 melle
1975 811 2129 918 magis').

1289 911 1468 1004 Qualibus
1482 929 1544 989 aut
1560 929 1720 991 teneram
1736 918 1878 990 invenis
1892 921 2080 1014 permulcet
2093 923 2213 1012 amicam,

1339 1015 1415 1090 Aut
1430 1043 1542 1114 puero
1557 1023 1603 1094 ad
1618 1045 1728 1093 cunas
1743 1021 1863 1117 qualia
1880 1037 1995 1096 cantat
2011 1048 2102 1096 anus.

1290 1116 1421 1209 Qualia
1433 1123 1491 1195 vel
1506 1123 1604 1196 fatuo
1619 1125 1744 1196 vendit
1759 1120 1907 1197 Gnatho
1925 1125 2017 1198 dicta
2030 1121 2191 1214 Thrasoni,
2255 1087 2256 1180 l

2020 1987 2145 2068 (amo
2158 1981 2227 2056 oo)

2021 2077 2222 2116 *ost-¹

1362 2199 1394 2255 lo
1416 2201 1514 2272 lar-rag.
1527 2198 1617 2256 Sacer.
1636 2206 1664 2253 et
1681 2198 1710 2252 in
1726 2199 1868 2272 applica.
1884 2197 1919 2252 Τ.
1929 2199 1964 2256 V.
1984 2219 2012 2272 p.
2023 2199 2082 2256 352
2114 2197 2176 2270 Apol
2186 2193 2225 2248 fu·

1395 2279 1468 2326 sent.
1485 2289 1512 2343 p.
1526 2267 1584 2324 110.

1582 2427 1641 2501 Ad
1670 2429 1998 2524 Spoletinum.

1393 2581 1533 2655 Nostris
1547 2579 1688 2656 Cordus
1704 2583 1744 2652 in
1760 2585 1909 2654 aedibus
1923 2584 2034 2658 Poe'ta

1393 2683 1590 2758 Prandebit
1602 2688 1729 2772 modo,
1754 2687 1889 2778 gratius
1904 2689 1968 2758 sed
1984 2687 2040 2759 illi

1393 2787 1473 2860 Hoc
1490 2788 1651 2861 existimo
1668 2789 1857 2882 prandium
1872 2791 2037 2862 futurum

1393 2890 1490 2964 Situ
1506 2905 1672 2985 pervetus
1683 2891 1870 2986 utriusque
1887 2892 2037 2974 amicus,

1394 2992 1506 3066 Cordi
1523 2995 1656 3066 seilicet
1672 3008 1707 3066 et
1720 2995 1774 3066 tui
1790 2990 1966 3094 ¹Philippi,

1394 3093 1557 3169 Conviva
1572 3097 1745 3180 adfueris,
1769 3113 1902 3172 vocant
1916 3099 2058 3170 sodales

1394 3195 1468 3286 Te,
1492 3199 1655 3296 quamvis
1669 3194 1895 3295 humilesque
1912 3223 2147 3295 pauperesque

1394 3297 1445 3373 At
1462 3326 1615 3396 quorum
1631 3303 1698 3376 tibi
1714 3306 1848 3373 candor
1865 3317 1917 3374 est
1928 3305 2099 3397 probatus

1394 3401 1477 3475 Non
1493 3428 1608 3498 nuper
1623 3403 1806 3499 Spalatine
1820 3405 2066 3502 cognitusque.

1396 3503 1536 3578 Codrus
1551 3508 1702 3578 forsitan
1719 3531 1794 3594 esse
1808 3504 1926 3579 Corde
1940 3533 2081 3600 possea,

1396 3605 1474 3682 Irus
1488 3609 1637 3682 forsitan
1653 3625 1688 3682 et
1702 3605 1892 3704 Philippus
1908 3633 1984 3682 esse

1393 3711 1536 3800 Posset,
1559 3714 1620 3784 sed
1635 3713 1756 3784 faciles
1771 3727 1962 3807 utrumque
1979 3709 2103 3785 Musae

1395 3813 1612 3899 secernunt,
1637 3815 1768 3888 stolido
1784 3817 2017 3912 eximuntque
2031 3813 2140 3902 vulgo·

1297 4360 1306 4376 ¹
1364 4349 1394 4404 ln
1409 4365 1472 4420 opp.
1485 4345 1566 4403 Btsll.
1584 4344 1617 4404 T.
1630 4345 1663 4403 V.
1682 4365 1709 4419 p.
1720 4345 1782 4402 ⁸58.
1796 4355 1823 4402 el
1837 4349 1908 4420 apud
1924 4349 2007 4408 Vino.
2026 4351 2117 4426 pii*-
2133 4377 2162 4392 -·
2189 4341 2236 4393 llll·

1396 4427 1471 4542 ²⁰⁰s⁸o
1472 4426 1501 4540 p
1515 4415 1766 4490 tommano.
1780 4417 1808 4475 a.
1823 4419 1850 4478 s.
1863 4419 1916 4474 101.
1930 4421 2007 4478 asso.
2046 4401 2238 4494 visos-toll·

1395 4505 1423 4559 p·
1487 4525 1497 4544 .

1576 4650 1996 4745 Loops‘ooospioao.

1295 4795 1415 4873 Aurea
1431 4801 1517 4871 dent
1532 4801 1595 4870 alii
1609 4816 1840 4873 monumenta
1854 4799 2066 4904 Epyrcaque
2082 4827 2164 4888 vasa,
2255 4773 2256 4850 Ῐ

1346 4902 1579 4976 Saturnalitio
1595 4901 1709 4974 Xenia
1724 4919 1821 4996 grata
1836 4903 1926 4983 Deo.

1268 5046 1272 5079 ι
1296 5005 1370 5077 Nos
1386 5007 1540 5076 calamos
1554 5009 1689 5094 damus,
1713 5007 1879 5100 exiguum
1893 5009 1961 5082 tibi
1976 5033 2117 5096 munus,
2137 5001 2256 5086 haberi.

1347 5106 1423 5179 llas
1438 5111 1531 5180 solas
1547 5111 1652 5181 nobis
1667 5133 1742 5180 esse
1758 5113 1900 5202 putabis
1915 5138 2010 5207 opes.

1269 5264 1272 5316 ἰ
1297 5211 1353 5284 Sit
1366 5213 1475 5282 modo
1492 5213 1660 5283 donantis
1673 5235 1774 5282 mens
1790 5217 1962 5302 candida,
1985 5239 2086 5308 saepe
2097 5209 2193 5284 redire
2255 5219 2256 5290 i

1269 5323 1272 5451 Ι
1353 5311 1507 5385 Munere
1520 5339 1587 5408 pro
1601 5339 1712 5409 parvo
1729 5317 1840 5406 gratia
1856 5339 1983 5411 magna
2000 5319 2096 5392 solet.
