4652 6178
52 216 61 239 ν
116 193 195 269 sos
706 193 1133 291 Quarsrronss
1165 189 1568 271 acaorurcau.
2079 215 2160 290 aaa

110 371 195 454 hus,
224 369 287 465 quq
311 371 445 464 opfime
469 371 513 442 de
536 372 703 442 „nivem
722 395 850 464 3„ss,st
865 365 1023 444 humano
1040 397 1114 442 me.
1167 369 1365 440 medicinae
1383 363 1645 456 therapeuticae
1661 389 1787 466 partes,
1811 373 2019 472 Diaetetica,
2044 383 2160 464 Phar-

114 487 253 546 fflmm
1165 473 1376 552 mareotica,
1400 487 1435 542 et
1450 466 1679 564 chirurgica,
1707 491 1801 550 etex
1827 478 1882 552 bis
1906 488 2039 576 prima,
2066 518 2157 586 quae

217 571 365 652 Adhaec
390 567 519 648 habent
544 571 704 648 heroicas
723 589 884 660 naturas,
907 589 940 646 et
957 575 1112 666 peculia·
1164 575 1277 642 victus
1297 575 1435 644 ratione
1457 578 1634 659 medetur,
1662 581 1794 668 optima
1820 600 1887 669 est,
1915 589 1964 657 sic
1986 591 2022 660 in
2041 599 2156 686 aegri-

110 678 164 746 ria
183 679 288 764 dona,
316 701 406 772 quae
422 681 636 750 contumelia
653 679 802 762 afficere,
827 680 914 772 quid
933 679 1029 748 aliud
1046 691 1112 762 est,
1163 678 1348 748 tudinibus
1366 679 1456 747 illud
1474 678 1682 749 alimentum
1699 699 1846 756 natcrrae
1863 691 2155 768 convenientissi-

107 803 218 874 quam
242 773 481 872 pulcherrima
496 779 562 850 Dei
578 784 674 851 dona
689 780 912 852 deformare?
963 777 1108 853 Utinam
1160 803 1260 848 mum
1285 793 1355 864 est,
1377 781 1472 872 quod
1493 805 1566 850 uon
1583 783 1698 852 solum
1714 801 1909 861 attenuatas
1926 793 2018 864 vires
2033 799 2155 888 relicit,

106 907 194 952 vero
219 897 341 954 nostro
362 895 521 974 tempore
543 883 580 952 in
600 897 696 954 tanta
714 883 832 968 rabie,
858 895 893 954 et
911 881 1107 974 petulantia
1160 880 1347 973 fovetque,
1373 885 1433 950 sed
1459 895 1493 952 et
1515 886 1677 954 morbum
1699 903 1815 976 curat,
1841 911 2070 991 movetque,
2096 905 2153 974 vel

105 985 356 1068 indoctorum,
382 985 512 1056 similia
538 986 695 1078 exempla
720 998 960 1056 statuerentur
977 986 1106 1054 adver·
1160 983 1312 1050 alienam
1328 983 1365 1050 in
1383 986 1542 1052 membro
1559 985 1763 1079 qualitatem
1776 999 1948 1066 mutando
1961 1001 2152 1074 restituen-

103 1110 164 1156 ω,
191 1087 294 1172 51105,
321 1087 384 1180 qui
407 1111 487 1157 cum
511 1111 646 1158 mmm„
666 1087 885 1177 impudentia
901 1086 1107 1178 vituperant
1157 1085 1275 1178 doque
1297 1087 1513 1164 naturalem,
1541 1089 1596 1155 vel
1618 1095 1746 1159 crudos
1770 1088 1936 1166 humores
1951 1111 2138 1196 coquendo

104 1185 275 1258 honestas
298 1203 407 1272 artes,
432 1213 472 1260 ac
494 1192 684 1283 praecipue
700 1183 981 1281 Philosophiam.
1033 1185 1105 1258 Ne-
1156 1190 1430 1280 reducendoque
1447 1191 1488 1256 ad
1508 1189 1719 1278 benignum,
1747 1209 1807 1266 atrt
1824 1199 1997 1273 eliciendo
2014 1229 2054 1276 ex
2069 1165 2150 1280 cor:
2246 1212 2249 1223 ’

104 1315 176 1386 que
205 1291 301 1360 anim
324 1293 516 1362 obscurum
540 1308 610 1376 est,
643 1305 816 1386 quantum
838 1289 992 1381 Reipub.
1020 1285 1105 1360 haec
1152 1312 1261 1384 pore,
1289 1290 1343 1358 vel
1368 1289 1549 1360 astrictum
1572 1294 1691 1364 alvum
1713 1297 1883 1368 solvendo
1902 1302 2139 1406 leniendoque

105 1393 266 1464 convicia
291 1406 461 1478 noceant,
488 1409 612 1466 serunt
634 1395 729 1464 enim
754 1416 879 1480 pravas
905 1393 1104 1482 persuasio·
1154 1389 1212 1458 vel
1228 1391 1394 1460 fluentem
1410 1393 1567 1462 δῖδῑθῐῐᾶθ
1582 1409 1686 1490 alque
1704 1393 1911 1475 lsshlbffld0·
1962 1368 2149 1496 Quatenual

104 1519 171 1566 nee
192 1495 230 1564 in
252 1493 379 1584 vulgo,
405 1508 439 1568 et
461 1497 500 1565 in
524 1497 653 1566 animis
675 1501 856 1568 iuvenum.
912 1493 1100 1566 Hinccnm
1155 1493 1250 1562 enim
1275 1493 1482 1561 alimentum
1506 1507 1574 1577 est,
1618 1500 1813 1570 naturalem
1837 1509 1987 1579 membri
2010 1523 2146 1608 tempe-

104 1599 223 1668 oritur
245 1611 469 1690 contemptus
490 1600 665 1668 bonarum
690 1599 841 1680 artium,
867 1611 960 1666 recta
984 1597 1101 1667 studia
1153 1597 1241 1664 riern
1259 1595 1322 1664 alit
1338 1619 1378 1664 ac
1392 1611 1587 1667 conservat·
1639 1597 1823 1688 Quatenus
1838 1611 2134 1688 medicamentum

104 1700 382 1788 extinguuntur,
413 1715 448 1772 ct
477 1703 598 1772 omnia
629 1713 778 1792 occupat
801 1701 999 1784 barbaries,
1033 1691 1101 1770 boc
1152 1699 1317 1770 morbum
1340 1699 1441 1788 pellit
1461 1713 1495 1768 et
1513 1713 1622 1770 curat.
1676 1701 1832 1778 Pertinet
1849 1733 1931 1801 ergo
1947 1715 2048 1804 prior
2062 1675 2146 1790 sen-²

105 1815 176 1888 est,
202 1801 341 1872 inscitia
353 1795 392 1888 ⁴¹)
414 1803 575 1874 conlusio
593 1804 824 1894 opinionum,
850 1825 918 1896 qua
938 1797 1031 1870 nibil
1048 1813 1101 1870 est
1153 1800 1262 1872 tentia
1287 1801 1332 1868 ad
1350 1797 1583 1884 Diaeteticen,
1610 1828 1701 1896 quae
1723 1807 1889 1880 alimenta
1914 1819 2047 1888 morbis
2063 1823 2145 1916 qui-

105 1902 263 1998 Reipnb.
285 1917 319 1974 et
334 1900 513 1974 Ecclesiae
531 1906 728 1977 nocentius.
781 1899 1100 1974 ldeuhoccalum-
1153 1903 1307 1976 buslibet
1334 1905 1594 1974 accommodata
1628 1909 1850 1996 praescribit,
1886 1929 1920 1986 et
1949 1922 2142 1998 nutriendo
2247 1907 2252 1912 Ι

102 2007 247 2078 uiarum
275 2029 385 2096 genus
409 2008 628 2078 severissime
655 2005 776 2101 puniri
800 2007 910 2076 decet.
969 2006 1100 2076 Sedet
1149 2005 1313 2097 proprie,
1336 2005 1499 2098 vitesque
1516 2008 1689 2089 l⁰V²⁰d⁰‚
1717 2035 1790 2082 ¹¹⁰ss
1808 2018 2018 2092 medicando
2033 2042 2131 2098 curat

104 2105 198 2178 hanc
214 2108 404 2202 querelam,
431 2123 465 2180 et
479 2103 572 2180 hanc
588 2109 863 2200 disputationem
881 2107 950 2178 alio
966 2109 1004 2178 in
1021 2109 1099 2176 loco
1151 2121 1272 2200 estque
1294 2097 1491 2176 baec'ratio
1506 2121 1546 2178 ut
1562 2111 1758 2198 tutissima,
1783 2115 1834 2185 sic
1850 2131 1997 2193 naturae
2013 2079 2143 2200 conve:

1150 2209 1383 2288 nientissima.

1254 2307 1376 2380 Altera
1409 2311 1453 2380 ad
1484 2306 1797 2390 Pharmaceuticen
1827 2325 1976 2409 partim,
2011 2331 2140 2420 partim

820 2511 822 2516 ,
1150 2413 1255 2484 etiam
1277 2416 1325 2482 ad
1343 2411 1549 2482 diaeteticen
1568 2418 1738 2505 pertinet,
1764 2436 1800 2492 et
1817 2447 1888 2492 non
1905 2428 1949 2496 de
1964 2430 2141 2506 alimentis

912 2552 977 2632 (w.
988 2549 1098 2623 1532.)
1149 2517 1285 2584 medica
1310 2513 1343 2580 vi
1370 2515 1555 2604 praeditis,
1580 2519 1640 2586 secl
1664 2523 1709 2588 de
1731 2523 1910 2596 alimentis
1932 2531 2141 2623 simpliciter

928 2641 1092 2670 02—-
1149 2617 1328 2710 loquitur,
1355 2615 1469 2707 iisque
1486 2612 1693 2707 phannaca,
1720 2631 1923 2712 praesertim
1942 2639 2141 2726 purgantia,

1149 2719 1297 2788 miscere
1319 2713 1495 2809 prohibet.
1546 2717 1636 2789 Cum
1661 2725 1755 2792 enim
1778 2749 1902 2816 omne,
1928 2739 2024 2826 quod
2041 2761 2140 2810 assu·

1148 2822 1280 2904 mitur,
1317 2833 1379 2890 aut
1406 2832 1544 2910 tantum
1576 2823 1783 2896 alimentum
1814 2830 1877 2912 sit,
1912 2849 1973 2906 arat
2002 2850 2140 2912 tantum

102 2905 168 2984 De
197 2909 299 2988 dicio
326 2914 594 3004 Hippocratis:
627 2913 668 2980 in
696 2911 875 2980 alimonio
906 2907 1098 2982 medicina
1151 2925 1465 3006 medicamentum,
1493 2937 1554 2992 aut
1577 2921 1702 2998 lrabeat
1727 2931 1797 2998 vim
1821 2938 2021 3019 metiendi,
2056 2967 2138 3013 cum

273 3031 274 3034 ¹
450 3019 653 3106 optimum,
682 3017 746 3082 eto.
1149 3027 1284 3096 medica
1306 3025 1470 3096 facultate
1494 3027 1736 3098 coniunctam:
1764 3038 1858 3104 sanis
1880 3039 2047 3114 alimenta
2064 3047 2139 3117 sole

1149 3129 1386 3212 conveniunt,
1419 3129 1531 3218 aegris
1561 3131 1618 3200 vel
1649 3132 1832 3218 alimenta,
1866 3144 1996 3232 quibus
2019 3147 2138 3240 aliqua

107 2211 285 2302 copiosius
298 2211 419 2282 licebit
435 2227 593 2286 tractare.
647 2212 743 2286 Dixi.

123 2543 190 2616 Na.
205 2545 242 2620 3.

105 2643 245 2670 w...

174 2749 206 2804 lo
226 2747 388 2820 Quaestion.
406 2751 477 2822 aput
496 2749 577 2804 liber.
597 2707 730 2822 pleqq.

103 3149 195 3236 Viri
213 3165 417 3250 clarissimi,
443 3178 478 3235 et
497 3163 744 3254 Praeceptores
760 3176 963 3232 reverenter
977 3164 1099 3232 colen·
1174 3231 1183 3248 ,
1506 3231 1515 3247 ,
1556 3231 1565 3248 ‚

103 3269 160 3353 di,
185 3293 266 3337 carm
286 3268 392 3338 sciam
417 3267 455 3336 in
478 3261 544 3336 bac
568 3280 680 3336 aetate
699 3278 819 3334 nostra
837 3266 1006 3336 maiorem
1022 3289 1097 3334 esse
1150 3254 1203 3299 Ἦ*
1220 3233 1346 3300 ''mlh“
1360 3245 1536 3300 mmmm
1554 3248 1664 3315 ’Μ’
1692 3237 1748 3304 “²¹
1765 3233 1951 3328 ΡὴέηἮηίοῆ
1967 3269 2138 3336 limum,

104 3373 246 3440 lacedem
269 3369 491 3440 obedientiae
514 3381 548 3438 et
570 3367 815 3438 observantiae
839 3389 919 3457 erga
936 3366 1098 3458 superio-
1148 3357 1223 3402 ⁰⁰¹¹
1254 3333 1392 3402 'mmm
1420 3327 1617 3402 ⁰¹h¹be¹ld³
1642 3352 1753 3456 Μ’.
1796 3341 1975 3414 Alimenta
1997 3353 2139 3424 enlma

103 3499 179 3556 m,
213 3497 318 3566 quam
348 3470 502 3560 ingenii,
535 3469 675 3540 confido
700 3494 761 3540 ,03
784 3485 818 3540 e,
841 3469 981 3554 ,eniam
1008 3463 1098 3538 mihi
1148 3449 1274 3506 natura
1299 3447 1500 3517 mutantur,
1530 3449 1562 3504 et
1582 3438 1796 3511 substantiae
1813 3449 2052 3520 membrorum
2072 3455 2138 3524 ali·
2188 3446 2196 3455 ’

104 3581 269 3657 elaturos,
293 3573 598 3667 quaestiunculam
624 3575 661 3642 in
686 3567 753 3642 hoc
770 3572 916 3664 publico
933 3593 1098 3642 coracessu
1149 3551 1239 3658 ‘19⁰²
1258 3537 1478 3608 ⁶⁰s¹l⁰¹¹lb¹¹⁸
1502 3555 1703 3627 ΡῙἾΝΡἏΝΨΙ
1726 3546 2005 3624 ‘⁰¹¹f0‘mflnlttr·
2059 3555 2140 3625 Me-

104 3677 342 3770 propositurn
368 3699 498 3747 nonest
515 3675 648 3765 privata
665 3674 781 3766 aliqua
797 3674 1010 3764 arrogantia,
1036 3673 1097 3742 sed
1149 3643 1347 3709 ‘'mmm‘'
1378 3652 1500 3708 ‘⁰⁰¹⁰'
1525 3655 1686 3709 mmmm
1711 3659 1837 3732 ‘'3⁰¹¹'’
1872 3656 2139 3750 naturalem‘lue

103 3779 295 3852 autoritate
319 3793 353 3848 et
376 3778 472 3848 iussu
498 3792 784 3868 praeceptorum,
819 3789 852 3845 et
877 3801 933 3844 me
958 3777 1097 3868 aequis—

101 3885 192 3953 sime
223 3881 408 3951 audituros
435 3902 528 3962 esse,
560 3879 764 3970 praesertim
790 3901 869 3946 cum
899 3879 1096 3949 multorum

103 4009 282 4056 annornm
299 3983 518 4053 consuetudo
533 3976 603 4051 huc
618 4003 729 4074 usquc
744 3981 933 4068 diligenter
947 3981 1040 4048 culta
1058 4001 1097 4048 ac

104 4099 329 4170 conservata,
359 4079 426 4154 hoc
448 4083 564 4173 ipsum
587 4085 758 4177 requirat.
809 4083 956 4153 Serenam
980 4095 1097 4152 autem

105 4189 308 4260 notissimas
337 4185 548 4270 sententias,
581 4209 672 4278 quae
701 4199 821 4257 extant
842 4187 933 4274 apud
958 4181 1097 4275 Hippo·

104 4305 254 4375 cratem,
276 4291 315 4360 in
339 4287 463 4358 libello
484 4287 529 4356 dc
548 4288 735 4356 alimento:
764 4281 813 4356 In
829 4281 1007 4354 alimento
1024 4307 1098 4354 me·

106 4391 235 4464 dictas
257 4389 453 4489 optimum,
482 4383 530 4458 In
548 4383 726 4458 alimento
743 4382 927 4458 medicina
945 4385 1099 4458 malum.

103 4495 181 4570 Hae
197 4493 391 4564 sententiae
405 4517 446 4562 ex
462 4493 634 4561 diametro
652 4513 807 4584 pugnare
821 4493 959 4560 interce
973 4491 1100 4558 'vitlen-

106 4615 183 4682 tur,
214 4598 323 4668 altera
351 4595 563 4664 alimentum
586 4594 622 4662 vi
647 4594 782 4663 medica
806 4593 1027 4686 praeditum,
1060 4603 1101 4662 ut

104 4701 300 4794 optimum,
332 4696 548 4789 caeterisque
576 4697 844 4786 praelerendum
868 4695 1103 4778 coanruendat,

105 4806 216 4874 altera
239 4801 334 4870 idem
358 4799 558 4888 improbat,
597 4823 636 4867 ac
658 4798 783 4868 reiicit·
852 4795 931 4868 Etsi
954 4820 1038 4866 vero
1063 4795 1102 4862 in

105 4904 258 4999 speciem
284 4899 517 4982 dissentiunt,
545 4914 664 4970 tamen
684 4915 835 4994 utraque
858 4901 980 4968 dextre
996 4897 1104 4966 intel·

104 5012 199 5080 lecta
224 5005 326 5074 alteri
352 5001 548 5085 consentit,
582 5003 783 5095 rationique
810 5015 844 5070 et
869 4999 1104 5090 experientiae
1198 5067 1206 5084 ,

941 5105 984 5172 ad
1004 5123 1107 5192 Νη
1158 5076 1370 5146 mercentur,

106 5109 295 5200 congruit,
322 5120 355 5177 et
376 5127 452 5176 non
475 5105 685 5195 simpliciter
707 5104 838 5195 accipi,
864 5106 922 5171 sed

107 5233 261 5303 corpora
278 5209 401 5278 relerri
415 5209 545 5278 debere
560 5208 713 5277 videtur.
767 5203 815 5279 Ut
829 5205 924 5275 enim
940 5219 1011 5276 tres
1023 5215 1107 5274 sunt

80 5441 126 5497 aa,
148 5410 177 5480 ⁹)
196 5405 269 5462 Pro:
287 5405 538 5476 tarasconenses,
559 5404 621 5464 cat.
636 5405 730 5462 iubete
748 5412 785 5460 et.

1148 3742 1353 3832 temperiem
1377 3739 1539 3812 alterant.
1595 3743 1732 3812 Malum
1755 3772 1837 3836 ergo
1860 3767 1929 3836 est,
1962 3759 2139 3830 alimentis

1149 3839 1338 3936 pharmaca
1364 3843 1527 3926 miscere,
1561 3847 1657 3934 qnod
1681 3861 1806 3918 natura
1829 3855 2030 3927 actionibus
2053 3885 2140 3930 con-

1149 3945 1268 4016 trariis
1284 3945 1447 4014 distracta
1464 3959 1498 4014 et
1514 3963 1701 4036 occupata,
1727 3953 1813 4019 dum
1831 3969 1864 4023 et
1881 3961 2139 4033 nutrimentum

1150 4049 1333 4124 immutat,
1360 4059 1394 4116 et
1417 4071 1435 4114 a
1460 4047 1717 4118 medicamento
1742 4072 1910 4126 vacuaute
1936 4065 2141 4150 praesertim
2246 4093 2251 4102 ·

1150 4150 1321 4234 allicitur,
1354 4149 1457 4218 valde
1476 4149 1693 4222 debilitatur.
1748 4151 1823 4222 lmo
1846 4165 2140 4237 concurrentibus

1151 4249 1206 4322 his
1222 4251 1409 4322 contrariis
1426 4251 1645 4338 actionibus,
1671 4247 1769 4322 nec'a
1788 4272 1912 4330 natura
1930 4263 2142 4338 alimentum

1151 4353 1297 4436 confici,
1323 4353 1552 4445 convertique
1574 4353 1610 4420 in
1636 4357 1874 4428 membrorum
1897 4365 2143 4454 substantiam,

1151 4458 1366 4545 impediente
1385 4449 1597 4534 Pharmaco,
1622 4479 1686 4524 nec
1712 4458 1781 4526 vim
1806 4485 1924 4548 suam,
1948 4470 2048 4538 cibus
2064 4471 2144 4540 offi-

1152 4557 1347 4634 cientibus,
1380 4577 1540 4624 exercere
1565 4551 1793 4644 pharmacum
1821 4579 1945 4650 potest.
2004 4569 2145 4642 Deinde

1153 4657 1341 4753 pharmaca
1362 4651 1546 4727 attrahunt
1569 4657 1686 4747 plures
1705 4665 1966 4752 superfluitates
1982 4673 2144 4768 undique

1154 4787 1196 4832 er
1220 4759 1346 4828 vicinis
1370 4757 1476 4842 locis,
1504 4781 1593 4851 quac
1613 4761 1797 4848 collectae,
1823 4769 2012 4858 particulas
2034 4776 2146 4846 laesas

1155 4862 1297 4954 gravius
1316 4873 1466 4928 onerant
1486 4883 1525 4928 ac
1547 4859 1821 4948 tangustactune.
1875 4869 1922 4942 Ut
1937 4897 2016 4943 cum
2035 4877 2071 4948 in
2089 4903 2148 4948 rc·

1157 4987 1243 5036 naam
1268 4960 1514 5031 allectionibus
1536 4985 1556 5030 a
1579 4963 1715 5032 calculo
1739 4967 1908 5040 diaeretica
1930 4977 2041 5048 multa
2061 4979 2149 5050 cibis

1395 5063 1475 5154 plus
1498 5065 1663 5132 materiae
1684 5065 1719 5134 vi
1738 5071 2035 5164 medicaminum,
2059 5105 2149 5174 quae

1160 5167 1322 5260 alioquin
1353 5165 1392 5234 in
1420 5165 1588 5234 intestina
1620 5167 1799 5238 confluere
1808 5221 1819 5256 ,
1853 5187 1992 5246 etcum
2017 5181 2151 5252 lecibus

1161 5268 1301 5341 excerni
1316 5265 1516 5348 consuevit,
1538 5267 1585 5335 ad
1599 5289 1701 5337 renes
1714 5269 1912 5346 deducitur.
1963 5279 2032 5352 Sed
2050 5307 2152 5375 prae-

1163 5372 1243 5444 cido
1259 5371 1304 5442 de
1318 5365 1376 5439 his
1391 5367 1580 5439 contrariis
1598 5371 1780 5444 sententiis
1794 5375 2089 5472 disputationem,
2113 5409 2154 5458 ae

1454 5465 1537 5542 44*
