4686 6172
264 229 339 306 ras
452 177 460 197 ⁸

269 403 331 478 tati
361 405 538 480 vindictae
560 433 694 482 morem
726 429 872 504 gerunt,
898 417 1048 492 scientes
1077 440 1261 498 accersunt

268 508 336 578 sibi
350 522 385 578 et
400 509 479 579 aliis
495 509 711 583 tristissimas
723 517 947 605 calamitates,
974 523 1005 592 si
1019 539 1115 596 metu
1126 551 1260 620 poena-

268 633 349 680 rum
374 625 409 682 et
430 613 894 707 ingentiummiseriarum,
923 649 1012 716 qnae
1036 643 1130 700 certo
1150 631 1261 700 comi-

270 725 392 784 tantur
412 715 556 802 dclicto,
580 741 653 788 non
678 719 864 792 frenantur
880 726 1010 810 animi,
1037 731 1124 823 quid
1142 733 1268 822 legum

267 837 352 884 voce
369 828 402 884 et
422 815 628 888 laudatione
644 822 812 911 proficere
828 831 1037 915 possumus?

366 947 440 1022 Nec
457 975 548 1022 nova
568 969 618 1024 est
632 951 719 1027 haec
735 963 916 1052 quaerela:
944 989 1082 1058 semper
1097 965 1259 1040 homines

265 1051 438 1142 sapientes
463 1055 673 1145 doluerunt,
706 1061 802 1131 vinci
825 1065 918 1154 leges
944 1062 1134 1139 hominum
1157 1087 1257 1164 petu-

266 1153 376 1224 lantia
390 1169 423 1224 et
436 1157 629 1230 furoribus.

367 1289 436 1360 Sed
460 1291 498 1359 in
522 1287 590 1363 hoc
610 1295 732 1366 dolore
757 1300 982 1374 consolemur
1000 1329 1064 1374 nos
1087 1310 1256 1377 mandato

263 1389 341 1461 Dei.
397 1389 543 1465 Etiamsi
560 1397 663 1466 multi
681 1424 745 1468 uec
761 1403 930 1492 audiunt,
955 1429 1019 1475 nec
1042 1409 1257 1498 intelligunt,

264 1517 329 1562 nec
350 1509 513 1565 metuunt
528 1497 637 1588 leges,
660 1513 778 1571 tamen
794 1527 914 1574 earum
930 1531 1014 1576 voce
1031 1523 1147 1580 extare
1161 1509 1256 1582 Deus

264 1594 357 1666 inter
378 1592 542 1667 homines
566 1602 689 1670 voluit.
749 1604 832 1674 ldeo
856 1620 891 1676 et
914 1609 959 1678 ab
986 1609 1091 1681 initio
1118 1613 1256 1703 generis

264 1691 411 1766 harinani
429 1699 575 1770 tradidit
591 1726 668 1784 eas,
696 1717 730 1774 et
747 1706 896 1798 imperia
918 1713 1122 1795 coustituit,
1150 1729 1189 1785 nt
1205 1716 1255 1785 le-

261 1821 339 1888 ges,
364 1801 513 1886 iudicia,
538 1827 688 1896 poenas,
713 1809 938 1902 disciplinam
959 1827 1127 1889 tueretur.

366 1933 663 2029 Obtcmperemus
688 1943 796 2033 igitur
818 1946 911 2034 Deo,
937 1963 971 2021 et
991 1951 1107 2042 legum
1132 1977 1254 2022 vocem

264 2052 299 2108 et
317 2040 428 2109 libros
453 2041 490 2108 in
509 2043 651 2134 populis
669 2046 974 2138 circumferamus,
999 2078 1064 2123 nec
1077 2055 1255 2124 deterrea-

260 2165 341 2211 mur
362 2137 548 2212 hominum
578 2149 817 2235 contumacia,
852 2153 912 2220 sed
941 2155 1091 2226 sciamus
1114 2170 1254 2227 nostros

258 2244 398 2316 labores
414 2245 520 2314 alicui
534 2247 626 2336 parti
642 2242 828 2318 hominum
847 2255 1023 2342 prodesse.

359 2377 562 2452 Audierant
578 2407 698 2451 vocem
715 2381 782 2454 Dei
801 2403 985 2460 sonantem
1001 2415 1041 2460 ex
1058 2408 1178 2465 monte
1193 2394 1254 2466 si-

259 2505 324 2562 na,
356 2495 516 2551 sexcenta
542 2484 653 2551 millia
686 2485 864 2572 virorum,
896 2515 987 2584 quae
1012 2494 1076 2564 etsi
1106 2519 1252 2586 magnae

258 2583 350 2676 parti
384 2584 460 2653 eius
493 2583 733 2655 multitudinis
764 2585 858 2660 nihil
886 2595 1038 2685 proluit,
1072 2609 1189 2668 tamen
1218 2613 1252 2670 et

258 2699 343 2766 tnnc
361 2686 562 2779 aliquorum
584 2702 719 2759 mentes
735 2693 843 2780 rexit,
869 2709 904 2766 et
919 2711 1014 2786 reget
1030 2721 1167 2792 semper
1182 2701 1251 2772 ali-

257 2811 347 2882 quos
362 2790 408 2858 ad
424 2812 567 2859 omnem
580 2792 835 2870 aeternitatem.

359 2922 433 2994 Nec
451 2924 657 3012 frangamur
679 2927 827 3015 animis,
860 2944 900 3000 nt
923 2934 1042 3004 omnia
1068 2938 1249 3012 doctrinae

258 3041 291 3096 st
306 3025 422 3116 legum
441 3027 555 3096 studia
579 3027 803 3099 abiiciamus:
833 3033 914 3125 quia
930 3035 1028 3104 nulla
1047 3054 1129 3109 surrt
1147 3042 1247 3114 firma

258 3144 291 3200 et
317 3141 481 3219 perpetua
506 3129 673 3216 imperia,
709 3133 828 3200 nullae
850 3151 1038 3226 perpetuae
1061 3144 1160 3210 sedes
1183 3146 1248 3214 do-

256 3231 401 3302 ctrinae.
452 3224 554 3300 Olim
578 3229 617 3297 in
635 3227 813 3326 Aegypto,
840 3251 875 3306 et
892 3233 1101 3326 Phoenicia,
1125 3260 1247 3336 postea

256 3331 295 3401 in
323 3327 408 3402 Asia
435 3344 470 3400 et
495 3331 533 3398 in
556 3326 703 3402 Graecia
730 3337 875 3407 fuerunt
900 3341 1046 3431 politiae
1071 3345 1261 3434 florentes,

258 3456 349 3526 quae
370 3434 514 3503 fuerunt
534 3432 718 3530 literarum
741 3453 775 3508 et
799 3439 916 3530 legum
941 3439 1091 3514 scholae.
1143 3447 1248 3520 Nune

256 3535 308 3608 ibi
323 3529 486 3607 homines
508 3535 650 3604 barbari
667 3537 744 3606 sine
765 3539 858 3622 iure,
886 3543 984 3614 velut
997 3543 1168 3642 Cyclopes
1185 3577 1248 3622 va-

256 3649 396 3728 gantur.
448 3633 497 3707 Et
510 3641 718 3707 metuendae
732 3657 814 3713 sunt
831 3645 963 3714 similes
980 3651 1191 3723 vastationes
1208 3655 1247 3722 in

256 3741 334 3809 aliis
351 3737 526 3828 gentibus.
578 3735 655 3809 Etsi
672 3743 752 3832 angi
769 3738 944 3816 hurmeto
960 3769 1063 3819 sanos
1084 3747 1246 3825 homines

255 3841 371 3912 decet:
399 3853 516 3908 tanam
534 3835 601 3910 hac
624 3866 690 3912 nos
712 3847 950 3918 consolatione
966 3851 1140 3926 divinitus
1160 3883 1246 3952 pro-

257 3943 388 4035 posita,
412 3955 658 4034 sustentemus.

348 4061 391 4134 ln
405 4056 471 4140 hae
484 4063 671 4152 fragilitate
688 4059 887 4154 hominnm,
908 4085 943 4142 et
956 4074 1127 4149 brevitate
1141 4079 1245 4167 vitae,

255 4189 311 4238 res
334 4166 409 4256 ipsa
434 4166 608 4250 ostendit,
635 4161 801 4240 humanis
822 4172 958 4244 viribus
973 4199 1172 4270 nonposse
1187 4205 1245 4252 re-

256 4268 363 4340 tineri
395 4268 547 4336 eundem
581 4269 813 4360 imperiorum
844 4288 984 4346 statum.
1043 4276 1245 4354 Alexander

255 4393 380 4460 magna
403 4367 532 4438 virtute
557 4367 739 4458 inchoavit
762 4399 891 4444 novam
911 4379 1052 4471 imperii
1075 4385 1242 4478 formam:

252 4475 314 4546 sed
329 4462 371 4540 eo
388 4469 558 4552 extincto,
584 4475 698 4568 qualis
714 4491 829 4546 secuta
850 4493 901 4548 est
916 4480 1119 4555 dilaceratio
1135 4489 1248 4558 totius

252 4553 350 4644 orbis
373 4585 566 4656 terrarum,
591 4600 695 4666 quam
712 4579 879 4648 diuturna
902 4583 1018 4670 bella,
1045 4612 1135 4679 quae
1150 4589 1241 4680 leges

251 4691 285 4746 et
302 4673 525 4764 disciplinam
542 4675 579 4742 in
597 4679 763 4747 omnibus
779 4683 944 4768 gentibus
961 4689 1127 4760 atrociter
1146 4693 1241 4762 labe-

249 4773 449 4848 factaruut?

352 4895 459 4968 Tales
479 4909 561 4964 sunt
583 4896 733 4966 subinde
754 4900 876 4972 fatales
898 4929 1048 4996 poenae,
1075 4925 1108 4983 et
1122 4929 1240 4986 muta-

249 5003 368 5074 tiones
385 4996 483 5066 orbis
501 5010 694 5082 terrarum,
719 5001 893 5090 lugendae
916 5011 1077 5102 quidem:
1100 5019 1160 5086 sed
1186 5031 1241 5087 ta-

250 5125 332 5173 men
357 5103 450 5170 inter
474 5091 537 5166 has
558 5100 783 5180 confusiones
803 5108 954 5178 sciamus
968 5109 1082 5192 Deum
1098 5139 1238 5189 servare

614 177 620 186 ’
719 235 1030 338 aleonora
1080 245 1155 326 nr
1205 251 1438 340 anavus
1489 261 1839 356 eonorouns.

2189 305 2244 386 lid

1309 432 1372 502 nbi
1389 434 1506 526 legum
1522 465 1643 514 vocem
1661 447 1820 536 audient,
1845 450 1990 540 discent,
2017 465 2180 558 sonabunt,
2200 503 2243 550 aa.

1309 535 1384 608 lent
1403 538 1536 633 aliqui,
1563 569 1636 616 non
1657 551 1776 639 pauci:
1803 553 1867 624 eni
1884 557 1996 628 maior
2011 583 2133 656 semper
2146 589 2174 642 et
2186 579 2242 662 fuit,

1310 649 1342 706 et
1359 651 1421 719 est,
1447 645 1566 716 eterit
1586 645 1780 742 Cyclopum
1795 656 2000 746 multitudo,
2023 665 2079 756 qui
2095 667 2169 761 leges
2181 703 2243 750 con.

1308 751 1478 814 temnant.

1410 842 1599 940 Utrunque
1621 849 1729 940 igitur
1752 859 1900 928 modesti
1924 855 2096 954 homines,
2126 899 2245 964 praescr.

1307 941 1371 1012 tim
1388 944 1428 1013 in
1442 942 1578 1036 schola,
1602 955 1772 1044 cogitent:
1799 961 1980 1049 videlicet,
2007 965 2069 1038 Dei
2082 979 2244 1054 mandatnm

1307 1067 1391 1128 esse,
1416 1060 1456 1117 ut
1471 1050 1584 1139 legum
1601 1080 1721 1125 vocem
1737 1064 1988 1151 custodiamus,
2014 1071 2180 1161 discamus,
2200 1086 2246 1154 do

1306 1169 1462 1233 eeamus,
1492 1153 1709 1240 proferamus
1733 1161 1771 1228 in
1790 1165 1936 1260 privatis
1951 1183 1986 1238 et
2003 1175 2142 1260 publicis
2161 1188 2246 1254 cousi·

1307 1248 1375 1316 liis.
1413 1246 1460 1320 Et
1475 1249 1591 1322 Deum
1610 1279 1747 1349 semper
1765 1265 1901 1358 aliquas
1920 1271 2058 1359 politia:
2070 1297 2245 1356 servatuuuo

1305 1373 1395 1436 esse,
1421 1377 1510 1444 quae
1526 1357 1708 1430 doctrinae
1724 1366 1902 1438 domicilia
1922 1389 2038 1446 erunt.

1407 1464 1481 1537 Nos
1506 1470 1616 1562 igitur
1641 1478 1732 1552 bona
1762 1508 1843 1553 cum
1866 1509 1927 1580 spe
1949 1506 2108 1566 nostrum
2128 1501 2244 1572 officim

1318 1567 1488 1656 aciamus,
1522 1598 1586 1645 nec
1614 1579 1730 1668 legum
1759 1588 1874 1658 studia
1900 1593 2119 1668 abiiciamus:
2146 1603 2244 1674 etiarnsi

1301 1672 1453 1758 superbe
1473 1689 1533 1746 ant
1553 1678 1712 1752 furenter
1728 1709 1783 1758 eas
1806 1705 2059 1780 contemnunt,
2082 1725 2149 1770 riou
2164 1706 2241 1775 solun

1340 1773 1434 1857 urci,
1458 1779 1517 1845 sed
1539 1781 1642 1851 etiam
1666 1787 1727 1854 alii
1746 1787 1929 1882 Tyranni,
1951 1811 1987 1866 et
2004 1801 2095 1891 vulgi
2114 1829 2182 1896 pars
2195 1831 2239 1874 us

1302 1872 1395 1944 xima
1413 1887 1486 1947 toto
1503 1883 1589 1951 orbe
1606 1897 1791 1965 terrarum.

1402 1989 1499 2064 Haec
1516 2000 1788 2088 praefatussum
1805 2012 1848 2079 ad
1871 2016 2130 2094 confirmandos
2147 2027 2239 2098 animos

1300 2093 1520 2186 aliquorum,
1552 2102 1615 2196 qui
1637 2103 1752 2178 levius
1776 2113 1935 2186 sentiunt
1955 2123 2000 2189 de
2021 2123 2165 2214 legibus,
2187 2153 2240 2219 pro·

1301 2210 1418 2286 pterea
1442 2203 1536 2292 quod
1557 2209 1729 2278 nonsatis
1746 2211 1885 2286 frenare
1901 2213 2091 2294 homiuum
2107 2230 2240 2300 andaciam

1299 2313 1464 2386 possunt,
1495 2317 1555 2372 aut
1583 2310 1726 2379 mutatis
1752 2313 1914 2408 imperiis
1943 2324 2077 2396 alicubi
2097 2331 2239 2406 deleantur.

1300 2393 1377 2468 Etsi
1392 2395 1476 2472 haec
1489 2405 1537 2474 ita
1552 2405 1652 2494 fiunt,
1675 2425 1793 2484 tamen
1809 2421 1961 2492 sciamus
1978 2427 2072 2518 leges
2086 2429 2145 2502 Dei
2158 2459 2238 2503 roten

1299 2523 1390 2586 esse,
1415 2527 1481 2574 nec
1507 2531 1651 2598 prorsus
1676 2515 1786 2586 deleri
1810 2545 1927 2612 posse:
1956 2530 2095 2602 etiamsi
2112 2537 2234 2624 diabolos,

1298 2603 1360 2696 qui
1374 2619 1427 2676 est
1441 2620 1544 2678 autor
1557 2611 1858 2706 disputationum,
1885 2627 2041 2702 subinde
2055 2629 2236 2706 homineslo-

1297 2705 1409 2775 riosos
1432 2707 1602 2801 impellit,
1628 2729 1668 2786 ut
1684 2718 1772 2792 sicut
1790 2721 1962 2814 Gigantes
1985 2739 2131 2826 aggestis
2149 2737 2240 2808 monti·

1296 2806 1381 2892 bus,
1407 2811 1544 2880 coelum
1570 2815 1663 2890 ferro
1679 2823 1862 2910 perfodere
1884 2839 2006 2906 conati
2023 2855 2126 2928 sunt,
2146 2843 2184 2913 ita
2197 2839 2242 2931 ipsi

1295 2925 1497 3000 grassentur
1511 2917 1678 3008 adversm
1693 2919 1809 2994 Deum
1825 2953 1865 3000 ac
1881 2931 1987 3023 leges.

1396 3027 1587 3126 Postquam
1626 3032 1713 3110 haec
1748 3047 1924 3134 praefatus
1959 3057 2119 3130 sum'ad
2146 3081 2244 3145 ornnes,

1294 3153 1390 3200 nranc
1414 3133 1577 3228 alloquar
1605 3149 1742 3211 tanturn
1770 3150 1947 3223 studiosos
1975 3171 2011 3229 et
2036 3165 2206 3248 modestos,
2223 3177 2244 3232 et

1294 3245 1410 3322 petam
1431 3237 1475 3304 ab
1500 3237 1549 3307 eis
1571 3240 1745 3332 officium,
1777 3263 1810 3319 et
1830 3248 1907 3324 Deo
1933 3259 2115 3351 debitum,
2139 3279 2167 3336 et
2186 3265 2243 3358 ipsis

1294 3334 1457 3409 salutare.

1394 3435 1546 3531 Propter
1559 3439 1673 3515 Deum
1688 3473 1751 3519 vos
1766 3457 1914 3528 studiosi
1929 3477 1963 3534 et
1980 3469 2130 3541 modesti
2142 3453 2244 3540 audito-

1294 3560 1349 3605 res
1371 3563 1435 3609 oro
1459 3557 1493 3614 et
1517 3546 1690 3633 obtestor,
1715 3567 1756 3624 ut
1779 3571 1858 3627 cum
1880 3555 1991 3637 lromo
2018 3573 2064 3642 ad
2095 3573 2241 3662 imaginem

1293 3635 1360 3707 Dei
1386 3646 1549 3714 conditus
1574 3650 1636 3733 sit,
1663 3655 1836 3744 cogitetis,
1864 3683 2000 3756 quanto
2020 3673 2116 3743 hono
2137 3685 2242 3744 ornatus

1293 3741 1339 3810 sit
1354 3736 1479 3830 hotuo,
1506 3761 1540 3820 et
1559 3751 1645 3840 quid
1661 3753 1705 3822 sit
1727 3757 1788 3827 illa
1806 3761 1939 3852 imago:
1967 3785 2002 3841 et
2019 3791 2180 3868 quantum
2194 3795 2246 3841 ma-

1293 3844 1387 3929 lum,
1414 3863 1543 3940 quanta
1568 3854 1706 3927 miseria
1725 3859 1769 3929 sit
1790 3863 1982 3955 imaginem
2004 3875 2104 3946 illam
2127 3877 2174 3948 vel
2191 3897 2246 3945 cor-

1293 3969 1477 4038 rumpere,
1505 3953 1559 4020 vel
1576 3957 1705 4028 delere.

1394 4064 1448 4136 De
1463 4061 1532 4140 hac'
1549 4071 1721 4166 imagine,
1746 4075 1829 4174 quia
1846 4087 1925 4158 fons
1941 4105 1996 4164 est
2012 4095 2129 4190 legum
2145 4111 2249 4170 nostra-

1292 4191 1392 4254 rum,
1415 4183 1449 4240 et
1465 4171 1570 4258 iuris,
1595 4201 1703 4268 pauca
1721 4183 1897 4259 adiiciam.

1394 4285 1583 4385 Utrunque
1605 4297 1718 4368 voluit
1733 4297 1849 4388 Deus,
1876 4333 1955 4380 cum
1972 4338 2076 4390 snam
2097 4319 2250 4408 imaginun

1291 4390 1328 4458 in
1343 4385 1524 4461 bominem
1541 4400 1739 4486 transfudit,
1751 4404 1926 4496 videlicet,
1940 4430 1982 4486 ut
1993 4413 2104 4492 homo
2117 4441 2248 4513 agnosce-

1291 4507 1343 4562 ret
1368 4488 1616 4588 archetypum,
1647 4516 1738 4572 etse
1764 4504 1955 4606 archetypo
1987 4524 2178 4595 subiectum
2197 4543 2249 4591 esst

1290 4595 1403 4666 sciret.
1456 4595 1510 4666 ac
1527 4612 1565 4668 ut
1580 4622 1826 4690 agnosceretur
1839 4609 1954 4704 Deus,
1979 4622 2105 4696 lumen
2118 4621 2249 4696 humanis

1290 4697 1466 4768 mentibus
1483 4700 1627 4772 insitum
1646 4721 1713 4792 est,
1739 4707 1777 4779 in
1795 4739 1884 4806 quo,
1909 4733 1947 4790 ut
1965 4723 2009 4792 in
2033 4731 2187 4820 speculo,
2202 4749 2249 4796 oo·

1288 4812 1358 4869 stra
1374 4825 1534 4891 corpora,
1559 4805 1609 4874 sic
1624 4805 1720 4879 Dens
1735 4813 1978 4909 aliquomodo
1995 4831 2163 4916 cernitur,
2184 4825 2249 4923 quid

1288 4901 1351 4985 sit,
1383 4904 1497 4996 qualis
1521 4905 1566 4975 sit
1593 4907 1667 4978 eius
1688 4913 1870 5000 voluntas,
1897 4937 1930 4993 et
1951 4931 2056 5020 quod
2087 4951 2248 5024 congrum

1287 5018 1443 5074 nostram
1455 5005 1672 5080 voluntatem
1686 5015 1731 5083 ad
1747 5010 1843 5090 hunc
1856 5020 2092 5123 archetypum
2103 5045 2243 5128 oporteat

1387 5119 1546 5211 Cogitate
1562 5149 1690 5218 quaeso
1707 5147 1858 5223 quantae
1879 5133 2026 5216 haeres
2047 5151 2129 5226 sint.
2175 5149 2247 5221 Deus

250 5200 443 5274 Ecclesiam
467 5223 588 5284 suam,
619 5217 653 5271 et
678 5203 813 5297 aliquas
843 5211 983 5297 politia:
1000 5214 1077 5286 iure
1098 5232 1135 5288 et
1151 5221 1239 5309 legi·
1285 5223 1362 5292 vult
1375 5239 1514 5294 nostras
1530 5242 1664 5299 mentes
1678 5244 1845 5328 tanquam
1862 5247 2006 5333 specula
2025 5275 2117 5339 esse,
2141 5255 2176 5322 in
2190 5251 2248 5347 qni·

249 5311 315 5377 bus
331 5303 549 5381 constitutas,
567 5315 605 5370 ut
620 5305 691 5374 sint
705 5301 1045 5398 hospitiaEcclesiae
1057 5316 1138 5404 Dei,
1156 5317 1238 5392 lite-

247 5431 367 5496 rarum
387 5419 422 5474 et
440 5403 631 5477 doctrinae.
683 5403 801 5480 Erurst
818 5435 903 5502 crgo
922 5416 1061 5510 aliquae
1077 5419 1235 5516 Respub.
1284 5423 1321 5501 in

1285 5323 1352 5413 bus
1375 5328 1629 5418 conspiciatur:
1669 5335 1748 5408 vult
1772 5362 1837 5410 nos
1859 5357 2036 5439 tanquam
2061 5356 2170 5428 libros
2188 5377 2249 5439 esse,

1345 5426 1474 5518 quibus
1495 5451 1595 5502 suam
1618 5437 1845 5557 sapientiam,
1875 5448 2001 5538 digitis
2023 5460 2099 5530 suis
2122 5458 2247 5552 scripsit:
2291 5419 2292 5500 l
