4686 6172
210 255 290 330 915
377 283 383 288 ⁵

701 245 1008 343 auuoouta
1033 249 1110 325 ur
1145 247 1371 327 suevus
1405 249 1761 331 coactores.

2173 256 2247 332 Did

214 427 367 518 ingeniis
384 439 419 494 et
437 425 500 494 alit
517 421 788 515 extemporalem
804 425 1020 498 facundiam.
1071 425 1207 516 Dispu-
1258 449 1354 510 mus,
1381 428 1476 520 quod
1499 427 1542 498 ad
1568 430 1677 500 uitam
1702 441 1736 500 et
1760 425 1991 500 iudicandum
2010 429 2055 500 de
2076 430 2252 522 religione

214 534 301 604 tatio
321 529 489 598 conducit
507 542 540 597 et
557 529 728 596 moribus.
754 526 843 595 Nam
863 529 1043 597 assuefacti
1063 530 1207 621 quando
1259 531 1419 620 prodest,
1446 553 1551 622 quam
1567 533 1723 622 profecto
1739 544 1913 623 oporteta
1930 533 2062 602 teneris
2079 549 2112 603 et
2138 558 2158 602 a
2181 537 2254 626 pri-

215 649 334 728 postca
354 655 433 700 cum
452 630 532 698 aliis
549 629 744 698 necessario
763 631 1064 718 congrediuntur,
1089 631 1209 698 minus
1258 653 1316 698 ma
1342 632 1578 702 adolescentia
1602 635 1745 706 discere.
1806 631 1945 704 Laudat
1970 633 2103 706 Paulus
2126 634 2255 718 Tiroc-

175 787 191 792 -
214 735 488 830 perturbantur,
515 743 549 800 et
574 730 847 801 sedatisanimis
865 733 1020 828 colloqui
1044 746 1220 824 possunt3·
1259 727 1401 818 theum,
1435 735 1497 827 qui
1527 735 1612 804 inde
1634 757 1746 828 usque
1769 758 1787 804 a
1811 735 1963 825 pueritia
1986 737 2187 810 innutritus
2210 741 2255 810 sit

217 851 367 930 possunt
401 829 561 904 cobiberi
595 833 705 924 inepti
736 846 852 902 motus
886 837 1099 906 animorum.
1152 834 1206 903 Ad
1259 835 1368 904 sacris
1396 837 1517 906 literis.
1570 836 1661 907 Nam
1691 831 1902 932 dpcpadafo
1932 839 1970 908 in
2000 841 2100 910 omni
2128 862 2256 928 genere

182 1015 197 1037 N
219 936 305 1010 baec
319 937 491 1031 quaedam
506 930 708 1004 humanitas
725 951 776 1006 est
791 929 1023 1010 ἑντευκτικόν
1037 959 1123 1026 esse,
1142 931 1232 1004 boc,
1259 937 1388 1007 artium
1420 963 1459 1008 ac
1486 941 1684 1008 studiorum
1718 940 1956 1030 vituperetur,
1988 965 2052 1012 nec
2077 944 2153 1012 fere
2178 943 2255 1012 fieri

220 1058 272 1112 est
289 1041 425 1110 erudite
443 1052 476 1108 et
493 1037 641 1107 comiter
655 1037 809 1106 invitare
823 1040 911 1108 alios
933 1053 1009 1110 tum
1032 1041 1077 1108 ad
1100 1039 1212 1107 collo·
1260 1051 1400 1130 potest,
1418 1053 1459 1110 ut
1474 1042 1661 1133 perfectam
1679 1041 1918 1130 cognitionem
1933 1043 2044 1113 ullius
2064 1044 2118 1113 rei
2133 1069 2259 1114 conse-

220 1143 403 1238 quendum
419 1148 495 1210 tu‘m
510 1143 552 1208 ad
571 1140 836 1230 disputandum.
885 1139 1069 1210 Postremo
1091 1135 1211 1213 schola

219 1246 298 1314 sine
313 1243 552 1336 disputatione
575 1263 719 1332 prorsus
740 1242 860 1330 friget,
886 1267 951 1312 nec
974 1255 1129 1312 meretur
1146 1265 1212 1310 no-

1262 1165 1435 1234 quamur,
1463 1147 1507 1211 ad
1528 1167 1634 1236 quam
1649 1143 1724 1213 non
1741 1167 1863 1214 sumus
1877 1169 1896 1214 a
1912 1145 2044 1215 teneris
2060 1147 2258 1220 assuefacti.

1262 1243 1383 1332 Quare
1399 1245 1555 1314 studiose
1576 1241 1842 1334 tractemushas
1858 1249 2021 1345 materias
2042 1272 2118 1318 non
2142 1249 2258 1318 solum

220 1371 304 1418 rnen
327 1343 549 1416 Academiae.
605 1342 696 1412 'tam
719 1345 850 1414 multae
874 1359 907 1414 et
938 1369 1061 1434 graves
1091 1369 1213 1414 causae
1261 1345 1355 1414 utin
1374 1346 1542 1416 eisusum
1560 1347 1761 1417 dialecticae
1782 1357 1987 1434 cernamus,
2011 1351 2202 1423 sedetiam
2220 1367 2259 1424 ut

222 1463 325 1529 sunt,
351 1469 460 1542 quare
482 1441 574 1514 hanc
598 1445 881 1516 exercitationem
902 1445 1072 1538 Princeps
1096 1447 1214 1538 cupiat

223 1575 298 1622 esse
312 1547 601 1642 frequentiorem.
657 1545 741 1616 ldeo
759 1543 884 1618 bortor
900 1544 1143 1632 scholasticos,
1169 1571 1213 1616 ne

225 1653 344 1724 desint
366 1675 449 1720 suae
473 1649 630 1720 utilitati.
683 1647 822 1720 Deinde
839 1653 943 1720 etiam
966 1653 1033 1743 ipsi
1051 1647 1119 1722 boc
1136 1651 1215 1718 olli-

111 1819 114 1824 ,
224 1755 320 1826 cium
338 1752 569 1844 reipublicae,
594 1765 635 1821 ut
649 1753 831 1822 conferant
848 1775 989 1845 operam
1008 1755 1051 1822 ad
1071 1777 1215 1822 conser-

224 1857 381 1926 vandum
397 1877 532 1924 morem
549 1853 671 1924 utilem
685 1849 861 1924 Ecclesiae
879 1869 912 1925 et
929 1857 993 1926 toti
1009 1857 1130 1944 generi
1147 1851 1216 1923 bu-

226 1982 344 2030 mano.
399 1955 531 2026 lnvitat
546 1979 605 2024 eos
623 1969 657 2025 et
673 1950 757 2039 boc,
784 1960 878 2049 quod
897 1959 1027 2027 mrrltas
1051 1957 1216 2047 gravissi-

225 2061 301 2131 mas
318 2061 479 2128 materias
494 2059 641 2128 fecimus
658 2058 867 2128 illustriores
884 2061 1060 2150 agitando.
1111 2059 1216 2130 Nunc

227 2163 331 2231 etiarn
349 2163 464 2231 sciunt
481 2160 669 2229 constituta
684 2183 757 2228 esse
773 2163 926 2251 praemia
946 2176 979 2231 et
997 2163 1217 2253 responden-

226 2265 323 2335 tibus
339 2279 373 2335 et
389 2265 479 2342 illis,
506 2263 568 2354 qui
582 2279 786 2350 argumenta
802 2262 966 2338 afferunt.

253 2668 320 2742 Nu.
338 2671 370 2740 6.

235 2765 407 2794 m

1028 2672 1094 2749 (a...
1110 2673 1219 2753 raas.)

1038 2763 1209 2808 ΨΜ

298 2885 375 2956 ’stix
392 2883 576 2940 Miscellaneis
597 2902 678 2936 manu
698 2880 805 2952 scriptis
827 2883 924 2949 Stepfr.
936 2879 1029 2936 Rt'ccif
1048 2883 1076 2936 iu
1092 2881 1217 2936 biblioth.

334 2956 475 3027 Gotbaoa,
492 2955 572 3010 codd.
588 2954 617 3006 io
632 2953 680 3008 lol.
697 2953 750 3009 No.
765 2955 825 3006 240.
842 2973 869 3023 p.
882 2951 926 3006 74.
1078 2976 1081 2986 ·

229 3111 317 3190 attia
328 3111 525 3210 praefatio
541 3119 583 3188 ia
600 3113 896 3205 disputationem
910 3109 958 3184 de
970 3117 1232 3220 poenitentia.

655 3216 706 3286 Φ.
733 3217 792 3286 Μ.

227 3357 321 3445 Non
345 3393 433 3460 opus
455 3390 527 3438 esse
550 3367 740 3460 putabam,
763 3377 802 3434 ut
824 3350 1080 3454 impudentiam
1104 3391 1219 3436 meam

230 3475 324 3566 apud
347 3495 408 3542 vos
431 3471 533 3560 longa
563 3468 722 3538 oratioue
748 3490 965 3550 excusarem,
998 3493 1078 3536 cum
1105 3469 1220 3536 nemi-

229 3599 312 3646 nem
327 3585 481 3643 vestrum
496 3572 618 3660 fugiat,
634 3571 750 3639 officio
765 3583 1031 3660 praeceptorum
1049 3593 1113 3637 nos
1129 3571 1218 3660 cogi,

230 3677 317 3748 utin
332 3673 429 3744 hunc
440 3675 620 3765 publicum
637 3673 753 3741 locum
762 3669 983 3763 prodeamus.
1010 3669 1087 3739 lloc
1102 3675 1218 3742 autem

229 3803 389 3862 vosoro,
413 3779 508 3873 quod
529 3775 779 3869 aequissimum
798 3785 864 3858 est,
891 3774 1032 3844 utboni
1055 3776 1220 3844 cousula-

230 3881 293 3964 tis,
316 3881 344 3948 si
367 3903 551 3968 personam
568 3874 656 3946 mibi
674 3877 875 3966 impositam
894 3901 1016 3967 parum
1034 3880 1218 3946 commode

229 4007 330 4076 agere
346 3981 505 4056 videbor.
557 3979 649 4050 Satis
663 3980 758 4046 enim
776 3979 941 4047 omnibus
958 3979 1057 4047 vobis
1072 3992 1220 4064 constat,

229 4111 307 4170 me,
327 4085 474 4177 'meique
492 4081 623 4151 similes
646 4076 728 4150 lruic
752 4081 892 4166 negotio
917 4080 1064 4148 minime
1081 4081 1219 4150 satisfa-

226 4209 308 4277 ,cere
330 4209 447 4279 posse,
472 4187 531 4254 sed
551 4183 708 4274 requirat
730 4185 880 4272 perfecta
897 4181 1057 4249 doctrina
1078 4183 1218 4270 praedi-

231 4305 301 4374 tos,
333 4313 437 4382 quam
462 4288 499 4354 in
524 4285 757 4355 adolescentia
785 4285 930 4353 existere
955 4304 1027 4351 non
1046 4285 1217 4360 videmus.

229 4391 303 4462 llas
318 4404 433 4459 autem
452 4386 708 4478 disputationes
724 4400 842 4454 nostra
861 4409 961 4454 causa
981 4405 1053 4452 esse
1075 4384 1217 4455 institu-

230 4509 282 4566 tas
304 4491 483 4570 existimo,
509 4513 584 4558 non
607 4501 647 4558 ut
672 4483 725 4556 bis
745 4487 1023 4556 satisfaceremus
1041 4511 1106 4556 nos
1129 4489 1216 4555 ado-

229 4595 416 4672 lescentes,
439 4593 534 4686 quod
553 4591 657 4682 plane
672 4590 878 4682 nequimus,
911 4587 1020 4682 (Quis
1036 4589 1131 4657 enim
1149 4615 1215 4658 no-

227 4711 341 4768 strum
359 4708 473 4785 posset
489 4689 551 4762 has
566 4715 631 4782 pro
646 4692 817 4780 dignitate
832 4691 1014 4782 explicare,
1041 4717 1130 4784 quae
1145 4693 1214 4760 iam

228 4799 293 4871 diu
308 4823 327 4867 a
343 4797 463 4866 multis
478 4793 690 4865 doctissimis
706 4793 1057 4887 prudentissimisque
1073 4795 1159 4862 viris
1176 4820 1214 4864 ru

227 4910 415 4995 utramque
436 4911 571 4989 partem
594 4895 887 4989 convertuntur!)
909 4897 969 4964 sed
988 4895 1085 4964 utin
1102 4913 1214 4967 mate-

226 5003 290 5073 riis
304 4999 455 5093 copiosis
469 4999 686 5068 occasionem
703 4997 904 5068 dialecticae
920 4999 1132 5069 exercendae
1149 4995 1212 5068 ba-

224 5105 386 5188 beamus,
411 5102 512 5172 coius
533 5101 586 5170 vis
604 5112 709 5193 atque
731 5121 815 5168 usus
838 5100 875 5166 in
899 5099 1050 5169 exilibus
1068 5119 1213 5174 contro-

223 5205 367 5295 versiis,
392 5203 513 5298 quales
532 5202 618 5272 alibi
642 5203 680 5271 in
704 5195 834 5270 scholis
850 5201 1114 5272 dialecticorum
1137 5205 1213 5294 agi-

223 5322 363 5392 tantur,
389 5329 465 5376 non
485 5303 632 5396 perinde
647 5303 745 5376 cerni
762 5315 885 5392 potest.
937 5299 985 5374 Et
1005 5317 1123 5375 tamen
1146 5329 1211 5376 au-

221 5411 315 5482 ferre
333 5433 375 5480 ex
397 5402 466 5478 boc
486 5429 612 5498 genere
624 5403 910 5498 disputationum
924 5405 1060 5500 aliquid
1084 5429 1210 5500 possu-

1263 1447 1472 1538 praecipuos
1504 1451 1599 1517 locos
1623 1449 1805 1519 doctrinae
1838 1445 2070 1540 christianae,
2104 1477 2258 1546 quorum

1263 1549 1417 1637 cognitio
1437 1575 1510 1620 non
1530 1563 1667 1620 tantum
1684 1551 1748 1620 uni
1763 1551 1879 1635 aetati,
1904 1555 1963 1622 sed
1979 1579 2126 1644 prorsus
2144 1559 2260 1626 omni-

1264 1652 1330 1720 bus
1347 1644 1554 1721 hominibus
1570 1652 1762 1721 necessaria
1780 1666 1848 1738 est,
1873 1655 2016 1744 penitus
2033 1657 2259 1748 introspicia-

1265 1777 1360 1837 mus,
1387 1757 1430 1823 ad
1444 1755 1664 1824 excitandam
1682 1767 1786 1855 atque
1800 1755 1965 1826 alendam
1982 1759 2021 1826 iu
2036 1760 2173 1828 animis
2188 1761 2257 1852 pie-

1265 1869 1384 1931 tatem.
1437 1856 1534 1930 Dixi.

1290 2241 1358 2314 Νο.
1383 2240 1426 2328 7.
1525 2231 1527 2237 Α

1275 2337 1445 2366 Μ

2081 2277 2130 2321 an.
2156 2257 2248 2321 1533.

2080 2347 2253 2376 Μ

1337 2455 1373 2508 Er
1383 2455 1566 2512 Miscellaneis
1579 2476 1662 2512 manu
1677 2457 1892 2531 scriptisd'teud.
1905 2460 1991 2516 utura·
2001 2461 2029 2516 in
2044 2463 2173 2520 bibliotb.
2181 2462 2259 2522 Gau.

1370 2525 1597 2669 ἓοέἀνῖῑορῖἓὲ.
1618 2547 1646 2600 p.
1660 2528 1704 2584 60.
1748 2527 1939 2602 Apograpboo
1958 2531 1987 2586 in
2006 2531 2068 2589 cod.
2092 2533 2204 2588 Monac.
2217 2533 2257 2589 89.

1269 2759 1492 2827 Gratiarum
1525 2713 1630 2829 actio
1660 2760 1710 2830 D.
1740 2761 1993 2834 Valentini
2018 2761 2262 2856 Auspoct,

1580 2869 1733 2933 auctore
1749 2860 1848 2934 Phil.
1862 2865 1953 2938 Mel.

1269 2991 1496 3097 Magnopcre
1520 3009 1676 3096 gaudeo,
1705 3009 1897 3106 aliquando
1921 3007 2014 3080 mibi
2042 3015 2264 3082 occasionem

1270 3111 1425 3178 oblatam
1458 3131 1546 3194 esse,
1586 3111 1729 3202 publice
1758 3113 1966 3182 testificandi
1992 3137 2032 3182 ac
2058 3113 2267 3184 declarandi

1269 3211 1521 3300 gratitudinem
1540 3214 1651 3282 animi
1667 3214 1734 3283 mei
1751 3237 1832 3304 erga
1847 3215 1939 3299 illos,
1965 3239 2120 3308 quorum
2143 3219 2266 3310 ingen·

1271 3313 1366 3383 tibus
1399 3314 1437 3382 in
1471 3307 1537 3383 hac
1569 3311 1759 3387 Academia
1791 3315 1971 3387 beneficiis
1996 3317 2051 3386 usi
2072 3339 2212 3390 sumus
2229 3315 2266 3410 ¹).

1269 3413 1375 3486 Nulla
1404 3415 1499 3483 e'nim
1524 3417 1658 3488 maiora
1685 3419 1855 3488 beneficia
1887 3415 2049 3488 homiues
2084 3420 2268 3514 impertire

1269 3511 1476 3587 hominibus
1498 3533 1663 3609 possunt,
1689 3545 1795 3614 quam
1818 3514 1999 3590 doctrinae
2022 3525 2269 3593 communica·

1271 3620 1421 3703 tionem,
1449 3622 1653 3710 praesertim
1675 3625 1718 3692 de
1737 3618 1793 3693 liis
1816 3625 1964 3703 summis
1980 3623 2108 3710 rebus,
2131 3629 2174 3695 de
2191 3627 2265 3694 iure

1270 3748 1308 3790 uc
1325 3723 1478 3807 iustitia,
1502 3747 1652 3816 quarum
1668 3747 1742 3794 non
1764 3723 1878 3794 solum
1896 3747 2031 3794 summa
2051 3741 2105 3796 est
2122 3727 2270 3812 utilitas,

1270 3826 1329 3894 sed
1346 3825 1449 3892 etiam
1465 3825 1618 3914 dignitas
1636 3838 1754 3911 tanta,
1780 3841 1911 3896 utnon
1929 3827 1995 3896 alia
2021 3827 2125 3898 sitin
2150 3844 2271 3900 mente

1271 3921 1426 4014 bominis
1449 3927 1563 4016 imago
1583 3925 1661 3998 Dei.
1722 3925 1842 4016 Quare
1871 3923 1977 3998 buius
2003 3925 2272 4020 pulcherrimae

1270 4027 1412 4098 virtutis
1446 4029 1646 4098 doctrinam
1676 4031 1803 4100 merito
1837 4031 1986 4100 facimus
2024 4032 2200 4122 plurimi,
2239 4055 2273 4103 er

1269 4152 1406 4199 summo
1429 4131 1546 4199 studio
1569 4131 1752 4200 colendam
1768 4145 1873 4226 atque
1890 4137 2088 4201 ornandam
2107 4159 2188 4204 esse
2205 4140 2272 4206 du-

1269 4231 1391 4300 cimus.
1441 4229 1581 4301 Deinde
1599 4255 1678 4302 cum
1697 4237 1824 4303 summi
1845 4233 1913 4302 vlri
1932 4229 2052 4307 in‘hac
2069 4233 2272 4308 Academia

1268 4357 1342 4401 nun
1356 4328 1470 4402 solum
1489 4334 1604 4403 studia
1622 4359 1696 4405 mea
1716 4333 1937 4421 adiuverint,
1963 4339 2150 4408 sedetiam
2172 4366 2232 4409 me
2244 4335 2273 4432 ¹)

1268 4435 1466 4526 optaverint
1483 4436 1519 4504 in
1538 4437 1755 4528 superiorem
1770 4438 1934 4506 ordinem
1950 4451 1984 4508 et
2000 4439 2275 4537 decreverint')

1266 4533 1357 4605 milri
1374 4531 1629 4628 amplissimum
1651 4533 1843 4626 honorem,
1869 4559 2040 4628 agnosco,
2066 4565 2127 4610 me
2142 4545 2273 4614 mtrlti-

1268 4639 1393 4730 plicem
1411 4639 1558 4729 gratiam
1577 4640 1627 4708 eis
1642 4641 1769 4710 debere
1788 4636 1834 4737 ⁴).
1871 4635 1947 4710 Etsi
1965 4641 2060 4710 enim
2076 4645 2273 4716 doctrinae

1177 4795 1186 4812 .
1267 4742 1540 4812 communicatio
1560 4765 1726 4831 magnum
1750 4767 1814 4835 per
1826 4737 1940 4840 'sese⁸)
1964 4744 2184 4817 beneficium
2209 4763 2273 4831 est,

1290 5025 1329 5093 Ι1)
1346 5041 1414 5078 usuc
1426 5032 1506 5094 rum]
1523 5023 1588 5081 cod.
1604 5023 1684 5080 Mon.
1699 5025 1742 5080 89.
1862 5035 1867 5046 ·

1298 5111 1328 5178 2)
1347 5117 1409 5176 mr]
1427 5111 1527 5164 abacta
1539 5110 1601 5167 cod.
1615 5110 1693 5166 Mon.
1707 5111 1752 5166 89.

1298 5195 1565 5318 dibiqcppcrforem
1584 5197 1712 5250 mdcbem
1730 5205 1759 5250 et
1772 5195 1957 5262 decreverint]
1973 5193 2037 5252 cotl.
2050 5195 2136 5257 Mon.
2150 5201 2199 5260 89.
2213 5225 2272 5262 m

1352 5284 1365 5318 a
1387 5285 1421 5318 e.

1295 5351 1325 5436 l)
1345 5369 1511 5418 agnosco-
1523 5351 1638 5418 dedere]
1656 5351 1732 5422 apud
1749 5348 2041 5410 ilicecdesideranter.

1298 5436 1326 5506 5)
1344 5445 1418 5506 cese]
1436 5437 1500 5497 cod.
1516 5435 1595 5495 Mon.
1610 5437 1653 5498 89.
1669 5455 1710 5498 se.
