4666 6170
76 283 151 366 ne
444 263 707 370 scamna
732 259 819 365 'an
844 278 1049 386 ymen
1077 279 1152 360 nr
1186 255 1425 362 omnum
1447 277 1754 366 Mensura.
2040 283 2113 362 aso

77 461 215 550 tisfsait,
240 457 301 534 vix
318 483 459 556 sperare
474 463 626 560 amplius
639 487 843 558 possumus:
868 461 1070 534 tamendu·
1120 483 1201 530 rum
1221 451 1460 533 Ecclesiarum
1484 451 1667 549 Augustae
1689 451 1847 530 exhibita
1874 479 1971 528 anno
2002 451 2116 560 1580,

74 565 188 638 bitere
214 587 292 636 non
316 569 502 652 debemus,
529 568 618 663 quin
633 566 730 640 Deus
752 566 857 636 etiam
873 587 938 656 per
954 564 1070 632 imbe-
1121 575 1155 632 et
1178 560 1286 630 simul
1307 559 1412 631 etiam
1433 559 1761 633 aliarumomnium
1777 560 2037 656 professionum
2054 581 2113 628 ar-

74 667 169 740 cilles
192 679 229 738 et
251 668 373 740 minus
393 667 662 742 omniasancti
679 669 802 754 donis,
828 665 949 737 efficax
969 666 1069 735 futu·
1120 675 1172 734 tes
1189 663 1340 733 li'deliter
1355 675 1390 734 et
1405 663 1541 736 sincere
1560 664 1661 758 quasi
1683 688 1747 756 per
1768 661 2112 744 manus'tradamus,

74 791 130 842 ms
152 768 223 856 sit,
254 769 287 841 si
311 793 379 842 nos
402 772 516 844 nostri
540 772 647 844 oflicii
673 790 864 856 memores,
896 781 1069 860 utsupra
1120 777 1154 834 et
1180 764 1404 857 disciplinam
1429 779 1609 847 tueamur,
1652 781 1784 861 quanta
1810 785 1999 860 possumus
2026 763 2112 833 dili·

75 873 209 944 dictum
232 885 307 958 est,
339 867 427 943 haec
449 875 546 962 dona
563 873 726 948 coelestia
750 871 960 946 ardentibus
974 869 1068 940 votis
1119 867 1248 957 gentia,
1273 889 1364 961 quae
1378 867 1522 960 quidem
1536 867 1676 939 facilius
1691 871 1765 960 regi
1781 869 1925 962 poterit,
1952 865 1993 952 si,
2015 867 2113 959 quod

73 986 234 1066 petemus
266 997 286 1042 a
319 974 398 1044 lilio'
427 971 496 1046 Dei
528 975 717 1066 regnante,
757 988 793 1048 et
827 971 1067 1045 ministerium
1119 971 1354 1040 necessarium
1370 969 1449 1055 erit,
1474 969 1640 1041 iuventus
1655 995 1691 1042 se
1707 972 1847 1044 facilem
1864 972 2114 1061 etobsequen-

74 1073 261 1164 Evangelii
275 1095 337 1144 sua
350 1077 508 1167 potentia
524 1091 765 1150 conservante.
815 1072 1066 1146 Necdubitace
1118 1083 1189 1145 tem
1223 1071 1381 1164 paternis
1412 1072 1720 1145 admonitionibus
1750 1074 1883 1144 nostris
1915 1070 2113 1166 praebebit,

73 1175 174 1250 eiam
192 1172 525 1269 dehocdebemus,
550 1179 641 1252 sicut
655 1177 829 1272 plurimos
844 1177 985 1267 pietate,
1011 1197 1067 1243 sa·
1118 1171 1215 1268 quod
1238 1175 1387 1244 omnino
1408 1173 1512 1244 faciet
1537 1198 1577 1244 eo
1602 1177 1709 1247 etiam
1729 1175 1940 1261 studiosius,
1978 1185 2019 1243 ut
2042 1166 2111 1244 hac

73 1277 217 1372 pientia,
242 1278 375 1349 virtute
390 1291 425 1351 et
439 1281 600 1351 doctrina
616 1293 832 1376 praestantes
846 1279 942 1347 viros
956 1301 1067 1367 agno·
1118 1275 1193 1366 ipsa
1207 1299 1348 1345 morum
1364 1277 1610 1346 emendatione
1627 1291 1661 1349 et
1674 1279 1848 1350 modestia
1864 1278 1953 1348 etin
1970 1273 2112 1366 discen-

75 1391 204 1453 sccntes
221 1377 292 1450 Dei
308 1381 476 1452 beneficia
490 1406 554 1476 per
569 1379 667 1455 hunc
683 1397 845 1454 nostmm
860 1393 1066 1472 praecepto·
1117 1379 1164 1446 do
1187 1375 1392 1448 assiduitate
1415 1389 1580 1463 testetur,
1612 1403 1649 1450 se
1674 1381 1776 1452 obitu
1799 1381 1925 1452 talium
1948 1377 2110 1472 virorum

77 1505 140 1552 ren
153 1477 342 1552 Ecclesiae
366 1484 510 1570 collata,
535 1499 569 1558 et
589 1486 813 1557 aestimantes
833 1483 960 1552 merita
974 1481 1011 1549 in
1029 1503 1066 1549 se
1117 1473 1308 1548 immaturo
1332 1493 1501 1572 tanquam
1527 1481 1629 1570 signo
1649 1482 1723 1554 irae
1747 1483 1889 1554 divinae
1904 1482 1996 1551 serio
2012 1501 2111 1550 com-

85 1598 110 1655 et
120 1583 209 1653 alios
227 1583 363 1656 multos
378 1585 544 1678 privatim
558 1589 733 1681 profecta,
765 1581 937 1656 habemus
954 1581 1066 1674 parti·
1116 1581 1265 1666 moveri,
1282 1577 1438 1651 etDeum
1453 1583 1621 1654 ardenter
1631 1585 1811 1671 invocare,
1823 1597 1866 1656 ut
1881 1584 2109 1676 imminentes

79 1683 160 1778 cipes
184 1680 299 1756 huius
321 1689 434 1758 nostri
454 1690 571 1778 gravis
592 1690 728 1774 luctus,
756 1687 819 1782 qui
836 1688 927 1756 serio
942 1685 1067 1756 dolent
1117 1683 1329 1753 calamitates
1342 1683 1701 1774 publicasclementer
1715 1689 1864 1779 mitiget,
1877 1686 1913 1755 id
1930 1685 2027 1780 quod
2042 1705 2109 1753 au·
2196 1679 2209 1692 ‘

77 1787 113 1856 de
132 1788 337 1857 necessaria
362 1792 526 1882 quidem,
557 1805 598 1862 ut
620 1787 777 1862 hominis
801 1789 977 1868 mortalis,
1003 1787 1064 1855 sed
1116 1785 1221 1856 diunt
1238 1807 1342 1856 suum
1359 1798 1619 1876 praeceptorem
1634 1785 1832 1860 Dominum
1841 1785 2050 1880 Philippum
2068 1784 2108 1854 in

76 1887 173 1958 nobis
194 1903 319 1960 tamen
340 1903 374 1960 et
388 1888 565 1963 Ecclesiae
577 1893 765 1964 immatura
780 1905 814 1962 et
828 1911 1064 1982 praepropera
1116 1887 1192 1980 ipso
1214 1911 1327 1976 agone
1346 1888 1458 1976 magis
1480 1888 1524 1956 de
1536 1885 1694 1959 Ecclesia
1717 1903 1750 1961 et
1765 1887 1957 1961 Academia
1975 1913 2015 1958 ac
2031 1901 2107 1962 toto

75 1989 303 2080 emigratione
331 1986 439 2064 huius
465 1995 628 2064 salutaris
649 1991 834 2066 Ductoris:
875 1991 962 2086 quin
987 2011 1064 2060 eos-
1116 2003 1217 2059 coetu
1236 1987 1449 2059 discentium
1467 2013 1573 2082 quam
1599 1992 1644 2060 de
1665 2015 1726 2062 sua
1747 2006 1864 2064 morte
1885 2006 1945 2064 aut
1959 2011 2106 2062 snorum
2166 2049 2174 2059 .

74 2093 150 2161 dem
176 2093 287 2163 etiam
311 2087 418 2164 huius
441 2097 654 2187 precationis
674 2089 1064 2166 nostraesimushabi·
1115 2092 1267 2163 orbitate
1286 2091 1498 2178 sollicitum,
1532 2095 1653 2164 crebra
1674 2094 1954 2183 ingeminatione
1976 2093 2143 2162 arden-·
2195 2145 2200 2158 .

73 2204 137 2264 turi
158 2194 295 2280 socios,
327 2197 513 2268 nobiscum
537 2213 721 2289 rogaturos
741 2195 857 2268 Deum
880 2208 1063 2266 aeternum
1115 2195 1205 2264 tium
1234 2207 1399 2284 votorum
1421 2195 1562 2280 fecisse,
1591 2195 1649 2266 cui
1670 2221 1735 2289 pro
1760 2197 1909 2268 infinitis
1932 2195 2104 2275 bonitate,

73 2311 204 2386 patrem
229 2296 370 2366 domini
385 2300 498 2370 nostri
516 2298 594 2372 lesu
610 2297 762 2388 Christi,
787 2311 828 2370 ut
844 2293 936 2368 hanc
949 2291 1064 2368 Scho-
1114 2295 1362 2385 magnitudine
1370 2311 1404 2368 et
1412 2321 1562 2369 numero
1570 2298 1748 2368 beneficiis
1762 2294 1830 2369 h·oc
1841 2311 2056 2391 postremum
2072 2309 2106 2366 et

74 2397 136 2466 lam
161 2411 198 2470 et
214 2393 435 2486 Ecclesiam,
461 2425 552 2496 quae
573 2403 707 2473 multos
728 2425 841 2472 annos
857 2399 977 2469 sedula
995 2397 1065 2468 fnit
1116 2399 1201 2482 tile,
1227 2399 1286 2466 sed
1311 2399 1408 2488 pium
1423 2411 1541 2469 mmen
1556 2400 1710 2470 officium
1727 2415 1962 2493 praestemus,
1987 2413 2029 2470 ut
2046 2401 2105 2470 tu-

74 2499 250 2570 nntricnla
276 2511 311 2570 et
336 2502 472 2572 doctrix
489 2503 726 2596 plurimorum
744 2505 814 2573 iam
830 2501 966 2572 utiliter
982 2523 1063 2590 pas-
1114 2523 1183 2569 nus
1203 2503 1277 2570 eius
1300 2501 1344 2569 ad
1367 2501 1488 2570 locum
1503 2501 1705 2590 sepulturae
1721 2505 1933 2596 destinatum
1949 2505 2104 2572 deduca-

76 2601 133 2672 sim
155 2599 456 2692 Rebuspublicis,
496 2601 636 2677 Scholis
658 2621 691 2677 et
712 2601 881 2677 Ecclesiis
904 2603 1063 2672 servien-
1114 2625 1211 2683 mats,
1237 2596 1302 2670 hac
1318 2601 1519 2672 obedientia
1536 2615 1718 2689 testantes,
1744 2629 1810 2675 nos
1828 2619 1863 2676 et
1879 2618 2102 2696 acceptorum

78 2703 175 2790 duan,
201 2702 341 2774 diutius
364 2706 555 2778 clementer
574 2709 767 2790 custodiat,
798 2720 894 2797 regat
919 2719 953 2775 et
976 2727 1062 2774 con·
1113 2703 1364 2772 beneficiorum
1393 2704 1600 2773 memoriam
1622 2706 1731 2788 tueri,
1768 2719 1804 2777 et
1828 2707 2103 2777 domesticorum

82 2820 201 2892 servet,
227 2819 270 2876 nt
286 2806 420 2878 sincera
436 2805 623 2900 Evangelii
638 2811 800 2882 doctrina
814 2821 850 2881 et
867 2807 955 2877 aliae
970 2821 1061 2876 artes
1113 2803 1271 2876 defuncti
1289 2806 1522 2898 praeceptoris
1538 2806 1690 2878 orbitate
1702 2809 1794 2878 serio
1809 2807 1914 2880 allici.
2043 2797 2046 2806 ’

85 2908 287 2978 mtessariae
311 2910 468 2981 societati
490 2913 626 3001 generis
641 2909 799 2998 ‚humani
820 2925 856 2982 et
870 2885 1062 2992 Ecclesiae,
1214 2905 1444 2999 Convenietis
1467 2922 1584 2978 autem
1608 2903 1715 2978 hodie
1735 2910 1841 3002 paulo
1865 2919 1946 2980 ante
1976 2929 2103 2978 secun·

92 3007 288 3080 disserere
311 3025 344 3082 et
366 3011 436 3083 late
461 3013 649 3106 propagari
675 3015 759 3084 inde
774 3013 927 3106 possint,
954 3035 1061 3105 quam
1113 3011 1193 3078 dam
1217 3004 1341 3080 horam
1366 3033 1477 3100 prope
1492 3007 1521 3098 ⁸)
1545 3012 1647 3080 aedes
1668 3009 1816 3082 Domini
1832 3006 2010 3103 Philippi,
2038 3007 2102 3080 ubi

86 3110 206 3180 adrem
225 3125 269 3182 nt
283 3112 404 3182 idonei
421 3117 674 3204 gubernatores
689 3117 727 3185 in
744 3117 820 3184 loca
829 3111 858 3207 ³)
876 3114 1062 3182 defuncto·
1112 3111 1296 3183 audieritis
1314 3111 1454 3200 signum
1472 3136 1641 3203 campana
1658 3114 1754 3198 dari,
1781 3127 1815 3184 et
1831 3112 2029 3208 sequamini
2044 3112 2103 3181 fu-

83 3235 149 3281 rom
177 3215 462 3302 substituantur,
492 3213 717 3289 hauddubie
748 3239 852 3286 curae
879 3215 945 3285 erit
974 3213 1062 3312 lllu-
1112 3237 1180 3282 nus
1210 3237 1322 3306 usque
1353 3213 1393 3282 in
1425 3216 1596 3304 templum
1616 3209 1835 3290 Parochiale.
1892 3213 1999 3286 Unde
2022 3224 2104 3306 post

79 3314 244 3384 strissimo
267 3312 428 3412 Principi
449 3335 489 3389 ac
510 3319 686 3404 Domino,
717 3315 875 3390 Domino
893 3311 1061 3410 Augusto
1112 3315 1270 3386 auditam
1292 3317 1667 3387 commonefactionem
1692 3320 1736 3390 de
1761 3341 1820 3410 spe
1834 3313 2102 3386 resurrectionis
2209 3347 2219 3361 ι

75 3409 158 3485 Duci
192 3415 387 3504 Saxoniae,
426 3419 464 3496 S.
492 3418 637 3513 Imperii
669 3419 828 3494 Romani
853 3415 1058 3490 Archimac-
1111 3430 1271 3502 nostrae,
1295 3440 1403 3508 porro
1424 3419 1605 3488 deducetis
1628 3419 1718 3488 illud
1742 3421 1780 3490 in
1796 3419 1968 3511 templum
1985 3417 2103 3504 Artis,

75 3511 210 3588 schaleo
225 3513 436 3606 etElectori,
460 3521 621 3615 Principi
636 3521 840 3594 acDomino
853 3535 975 3592 nostro
989 3521 1060 3590 cle·
1112 3535 1146 3591 et
1161 3519 1211 3588 ibi
1225 3523 1383 3588 modeste
1399 3533 1433 3590 et
1448 3535 1649 3590 reverenter
1662 3545 1736 3590 non
1765 3523 1970 3612 dignissima
1993 3543 2115 3614 quae-.
2203 3561 2207 3579 ι

75 3619 313 3702 mentissimo,
347 3623 448 3694 cuius
464 3622 647 3697 Celsitudo
667 3649 770 3718 saepe
792 3625 862 3694 iam
886 3623 1062 3694 evidenti·
1111 3645 1196 3715 que,
1221 3623 1281 3690 sed
1304 3645 1387 3690 suae
1413 3622 1562 3715 quisque
1585 3625 1688 3694 aetati
1705 3637 1739 3694 et
1755 3623 1953 3694 conditioni
1971 3645 2103 3692 conve·

74 3721 135 3792 bus
152 3722 368 3794 testimoniis
381 3749 448 3796 nos
468 3727 706 3812 coinfirmavit,
736 3729 833 3822 quod
857 3727 941 3796 velit
962 3749 1061 3794 sum·
1111 3723 1246 3792 nientia
1272 3723 1349 3792 loca
1371 3737 1603 3816 occupantes,
1634 3726 1785 3796 audietis
1808 3727 2102 3797 funebremora·

73 3845 127 3892 mo
141 3824 263 3894 studio
284 3819 376 3897 hanc
390 3825 629 3916 Academiam,
655 3829 694 3898 in
711 3851 780 3923 qua
796 3827 922 3920 purior
937 3825 1060 3898 Evan-
1111 3827 1244 3896 tionem
1268 3823 1437 3909 recitari,
1464 3839 1499 3896 ct
1520 3825 1719 3914 adiungetis
1737 3827 1869 3898 vestras
1883 3851 2002 3920 preces
2018 3849 2100 3896 cum

74 3925 151 4014 gelii
173 3926 238 3996 lox
261 3925 301 3994 in
321 3951 444 4002 omnes
465 3945 581 4023 partes
596 3927 779 4002 christiani
794 3930 892 4003 orbis
917 3929 1060 4016 effulsit,
1110 3929 1290 3998 seniorum
1316 3927 1425 4011 votis,
1458 3928 1564 3998 simul
1587 3930 1771 4000 nobiscum
1791 3943 1949 4023 petentes
1980 3941 2103 4021 prote·

74 4047 130 4098 stra
143 4027 386 4101 munificentia
404 4033 523 4104 fovere
539 4047 806 4108 etconservare.
1111 4030 1264 4101 ctionem
1284 4042 1319 4100 et
1347 4031 1650 4102 conservationem
1674 4033 1815 4122 piorum
1838 4031 2037 4103 studiorum
2061 4029 2100 4097 in

168 4127 245 4199 Nos
268 4155 427 4226 quoque,
453 4133 657 4230 qnosDeus
677 4135 793 4207 voluit
814 4129 899 4206 huic
918 4131 979 4226 pio
997 4157 1059 4224 pa·
1109 4127 1176 4202 hac
1201 4127 1331 4203 Schola
1363 4145 1398 4202 et
1422 4128 1592 4208 Ecclesia.
1644 4129 1842 4206 Hortamur
1874 4146 1992 4204 autem
2025 4153 2100 4218 vos,

73 4229 116 4300 tri
130 4243 165 4302 et
175 4236 399 4326 praeceptori
415 4252 535 4328 postro
551 4239 755 4329 superstites
772 4261 864 4321 esse,
889 4237 954 4329 etsi
971 4239 1058 4306 late·
1110 4229 1368 4318 scholasticos,
1401 4246 1435 4302 et
1460 4259 1523 4326 per
1545 4231 1659 4306 Deum
1682 4259 1868 4325 rogamus,
1900 4247 1941 4304 nt
1964 4233 2003 4301 in
2024 4244 2099 4301 tota

74 4353 150 4402 mur
182 4355 250 4404 nos
281 4335 460 4410 donorum
492 4339 695 4413 excellentia
730 4337 798 4431 ipsi
824 4351 859 4410 et
888 4338 968 4408 aliis
996 4363 1058 4407 ne·
1110 4329 1176 4406 hac
1197 4333 1341 4406 funebri
1365 4337 1563 4407 ceremonia
1584 4337 1662 4408 sitis
1682 4337 1832 4406 modesti
1848 4349 1884 4408 et
1898 4333 2101 4419 verecundi,

75 4453 248 4528 quaquam
272 4459 373 4529 paces
397 4463 489 4522 esse,
530 4455 649 4512 tamen
680 4465 821 4512 summo
846 4441 964 4512 studio
992 4463 1058 4509 an·
1108 4461 1174 4506 nec
1198 4436 1465 4508 tumultuamini
1490 4452 1524 4508 et
1546 4439 1649 4509 foeda
1674 4437 1880 4508 confusione
1906 4450 1940 4508 et
1962 4435 2101 4506 discur-

74 4535 247 4624 ritemur,
274 4552 315 4610 ut
344 4541 521 4614 iuventuti
554 4543 649 4636 piam
679 4559 714 4616 et
727 4543 916 4614 salutarem
942 4555 977 4612 et
1000 4541 1058 4610 in-
1107 4539 1244 4609 satione
1272 4537 1423 4608 turbetis
1453 4541 1616 4610 ordinem
1644 4541 1795 4608 maxime
1824 4540 2037 4608 servandum
2059 4537 2098 4606 in

74 4651 272 4731 corruptam
323 4641 524 4715 doctrinam
576 4647 780 4733 coelestem,
838 4647 929 4716 sicut
980 4669 1057 4712 eam
1108 4641 1241 4712 talibus
1263 4640 1526 4730 congressibus,
1557 4641 1753 4732 ubipotius
1772 4641 1858 4736 quid
1877 4639 2099 4711 amiserimus

73 4757 89 4806 a
117 4741 322 4812 reverendis
346 4745 507 4836 patribus
536 4759 571 4820 et
600 4747 888 4840 praeceptoribus
919 4745 1058 4832 nostris,
1108 4757 1143 4814 et
1164 4756 1345 4834 expectare
1373 4765 1481 4832 porro
1506 4741 1700 4834 possimus,
1734 4744 1887 4832 cogitare
1916 4743 2100 4828 debemus,

73 4831 253 4928 luthero,
282 4837 382 4917 Iona
396 4843 446 4944 ⁴),
478 4843 751 4944 Bugenlaogio,
773 4838 991 4942 Crucigero,
1022 4861 1058 4919 et
1109 4869 1214 4940 quam
1238 4845 1324 4940 qnid
1349 4856 1505 4931 spectare
1527 4867 1709 4938 queamus.
1758 4842 1919 4930 Adsunt,
1943 4857 1984 4914 ut
1998 4843 2099 4912 vide-

73 4933 248 5042 Pltils'ppo
276 4950 496 5044 accepimus,
536 4967 573 5024 et
601 4951 732 5023 scimus
755 4975 950 5041 congruere
975 4975 1056 5020 cnm
1107 4950 1177 5032 tis,
1202 4947 1339 5042 aliquot
1359 4943 1546 5036 Lipsenses
1568 4945 1804 5034 Professores,
1828 4947 1965 5040 aliquot
1987 4943 2097 5015 vicini

74 5060 238 5136 perpetuo
262 5071 436 5124 consensu
454 5045 748 5146 Propheticomm
773 5065 807 5124 et
829 5049 1056 5144 Apostolico-
1107 5049 1273 5134 Nobiles,
1298 5046 1403 5121 multi
1427 5047 1536 5118 vicini
1554 5046 1718 5118 Pastores
1735 5062 1769 5118 et
1790 5048 1851 5118 alii
1873 5042 2013 5120 honesti
2029 5040 2098 5118 ho-

73 5165 145 5216 rum
164 5147 378 5242 scriptorum
400 5177 479 5228 cum
497 5155 679 5256 Symbolis
701 5170 735 5228 et
752 5153 973 5225 confessione
991 5149 1057 5224 ha-
1106 5153 1231 5244 epites,
1265 5175 1355 5245 quos
1374 5150 1572 5221 communis
1592 5149 1697 5220 dulor
1716 5147 1836 5240 Lipsia
1861 5173 1972 5244 usqne
1996 5163 2031 5223 et
2055 5171 2099 5220 ex

1106 5255 1186 5326 aliis
1217 5251 1422 5352 longinquis
1454 5251 1543 5324 locis
1576 5245 1648 5322 huc
1680 5251 1840 5340 attraxit,
1875 5267 1917 5324 ut
1942 5247 2008 5324 hac
2035 5273 2100 5324 sua

98 5393 127 5466 Ι)
143 5399 217 5470 loeo]
236 5395 298 5456 Ser.
314 5399 391 5474 publ.
408 5361 515 5458 leem
1112 5411 1320 5480 ’'Tm‘’

99 5485 126 5552 ⁴)
141 5483 228 5556 1st
248 5505 305 5542 ιιοιι
321 5485 421 5546 babeat
437 5487 499 5548 Sor.
517 5489 594 5564 prst.
1140 5485 1168 5557 ἡ
1183 5488 1292 5556 prope]
1307 5483 1369 5542 s«.
1385 5481 1464 5557 publ.
1482 5489 1562 5539 ente.
