4686 6172
88 243 162 329 sta
318 235 321 242 ’
669 232 1103 338 sustenturus
1141 223 1552 344 ACADEMI‘GAR·
1853 278 1854 286 Ν
2054 236 2131 332 lli

101 421 172 496 No,
197 421 261 494 σο,
622 497 626 506 ι
850 418 975 505 zAug.
991 415 1090 486 1⁵54.
1138 402 1385 481 Diocletianus
1398 399 1712 498 petivitllcclcsise
1725 406 1924 502 pecuniam.
1973 406 2133 485 Romani

95 515 268 546 Μ
862 509 1074 546 Μ
1139 507 1379 581 concedebant
1400 505 1655 582 Autonomiam
1674 511 1773 600 genti
1795 511 1957 584 Iudaicae
1972 515 2010 584 in
2025 513 2133 584 culti-

158 634 193 688 tn
208 631 372 702 Quantos.
391 648 418 702 p.
433 627 492 686 tts.
512 639 539 685 et
551 628 700 712 inponit.
720 627 787 684 Met.
802 628 833 684 Ρ.
848 625 883 682 tt.
896 645 923 700 p.
935 625 994 682 1⁸⁵.
1027 622 1087 680 De·
1138 607 1217 680 bus.
1274 607 1518 718 Diocletianus
1541 611 1622 680 ideo
1638 614 1838 704 postulabat
1859 617 2066 706 pecuniam,
2091 630 2133 690 nt

190 703 300 761 etsnst.
311 699 345 758 T·
356 699 404 754 Ν·
420 718 448 772 t·
462 699 525 756 ⁸³¹·
557 697 688 756 nictus.
703 697 736 756 T·
749 697 786 754 ¹¹·
801 717 828 772 t·
839 695 902 752 ⁶⁰²·
1138 709 1273 782 deleret
1289 705 1495 786 Ecclesiam.
1550 711 1623 784 Nec
1639 716 1711 784 ulla
1726 715 1879 788 atrocior
1898 718 2046 788 saevicia
2062 713 2132 794 tuis

88 878 269 972 onesta
302 895 328 944 a
363 864 474 942 ⁰002·
504 859 740 942 sosanna
772 845 1087 963 aureatam
1138 812 2131 1008 stttttttf¹¹ltttttt²lt'tttta‘tttlttt

86 983 266 1054 Pml⁰fl⁸
302 972 381 1074 ΜΟ
421 978 636 1066 mmm*
690 992 776 1044 Μ’
823 971 1087 1044 demerem
1138 1016 1191 1090 tii.
1243 1013 1369 1089 Secuta
1395 1032 1450 1086 est·
1468 1017 1576 1106 igitur
1603 1019 1744 1112 imperii
1764 1021 2071 1110 ingensmutalio,
2097 1037 2132 1098 et

84 1073 1089 1272 θ’ἒέἴῖοξηιὶῖἕὲἒὲῑυῖαἴΊΜὸκῗὲἨοιὸἓῗ“.
1138 1131 1254 1210 postea
1271 1113 1450 1190 Gotthicis
1474 1121 1577 1193 bellis
1591 1119 1756 1208 Romana
1773 1121 1985 1218 Monarchia
2000 1127 2131 1198 dilace-

1137 1233 1212 1290 rata
1229 1233 1291 1295 est.

86 1323 181 1408 Non
198 1345 249 1402 est
259 1327 382 1400 astaus
396 1340 557 1412 nostrae,
582 1324 753 1395 decausis
769 1326 1084 1415 disputaresorum
1239 1317 1318 1391 Hoc
1335 1317 1445 1416 igitur
1458 1338 1666 1416 argumento
1687 1326 1916 1400 confirmatus
1930 1328 2059 1400 restitit
2075 1343 2132 1424 ty·

88 1440 244 1514 rituum,
272 1454 361 1528 quos
378 1429 567 1524 approbari
591 1427 773 1498 aseuibus
789 1427 969 1510 videmus,
995 1449 1084 1520 quo·
1137 1447 1252 1493 ranno
1277 1419 1507 1496 Laurentius:
1548 1423 1761 1522 Quanquam
1792 1455 1813 1502 a
1837 1431 1976 1502 latrone
2002 1429 2131 1502 redimi

88 1565 170 1612 rum
203 1549 254 1606 est
288 1532 461 1602 excellens
495 1527 667 1624 sapientia
693 1541 727 1599 et
748 1529 872 1600 virtus.
924 1525 993 1598 Sed
1020 1549 1085 1596 nos
1137 1525 1209 1596 vita
1226 1538 1339 1622 potest
1353 1525 1487 1616 privata
1503 1530 1673 1618 pecunia,
1699 1543 1816 1602 tamen
1832 1533 1975 1628 publica
1990 1556 2064 1604 non
2079 1546 2132 1604 cst

87 1637 291 1714 obedientia
309 1637 419 1705 decet.
1137 1627 1391 1703 transferenda.
1451 1627 1645 1702 Laurentio
1661 1631 1729 1702 luit
1749 1637 1995 1706 commendata
2010 1633 2131 1728 publi-

192 1739 314 1830 Quare
342 1749 377 1806 st
405 1755 489 1824 ego,
519 1744 559 1802 nt
582 1729 676 1823 patri
696 1729 978 1802 maucerissimo
999 1728 1083 1799 nbc·
1137 1728 1352 1820 capecunia.
1406 1725 1599 1819 Iustissimc
1617 1733 1724 1824 igitur
1739 1736 1839 1818 lecit,
1865 1739 2129 1831 quodmortem
2169 1739 2178 1752 '

89 1847 206 1924 diam,
249 1837 391 1912 lruc'acl
422 1835 613 1908 dicendum
645 1834 783 1906 artemi.
851 1830 905 1904 Ac
925 1832 1084 1902 fortassis
1138 1831 1293 1927 perferre
1311 1832 1461 1920 maluit,
1488 1839 1761 1930 quam'tyranno
1778 1841 1915 1912 cadere.

90 1945 279 2021 consilium
299 1940 462 2022 illorum,
495 1937 557 2030 qui
580 1929 675 2005 lsunc
691 1957 825 2005 morem
840 1935 1084 2018 instituerunt,
1237 1931 1374 2004 Multae
1391 1929 1448 2006 bic
1464 1937 1689 2024 gravissimae
1707 1941 1929 2028 quaestiones
1942 1937 2130 2012 continen-

88 2051 178 2134 iuit,
210 2039 491 2116 adulescentulos
517 2035 575 2107 tue
593 2037 731 2132 aliquid
754 2039 890 2123 dicem,
917 2048 956 2106 ut
968 2036 1084 2106 admi·
1135 2047 1205 2105 tur.
1258 2033 1348 2113 Nam
1364 2049 1398 2106 et
1413 2032 1479 2108 hoc
1495 2051 1652 2130 tempore
1667 2039 1729 2110 alii
1743 2042 1814 2114 alio
1830 2043 1979 2114 consilio
1994 2043 2130 2113 reditus

91 2153 229 2228 ratione
257 2143 384 2215 luorum
414 2140 696 2234 spectaculorum
719 2138 877 2224 excitati,
907 2139 1084 2228 discerent
1135 2131 1374 2218 Ecclesiarum
1396 2155 1581 2232 occupant.
2106 2213 2110 2224 ,

93 2255 223 2324 artium
248 2263 282 2318 st
304 2247 473 2314 virtutum
494 2241 662 2327 nentina,
686 2253 721 2312 et
739 2239 1084 2331 rrsugis'delectaren·
1239 2232 1473 2324 Petoautem,
1495 2255 1603 2326 uttu,
1624 2241 2130 2332 clarissimeDomineDoctor,
2174 2247 2179 2274 “

97 2373 157 2429 tur
172 2351 299 2423 studio.
356 2341 531 2416 Existimo
548 2344 656 2416 etism
669 2343 904 2414 uoluisseeos
921 2343 1084 2414 adsuela-
1136 2339 1301 2411 staffinis
1325 2341 1522 2430 carissime,
1554 2343 1659 2416 nobis
1680 2338 1745 2426 bas
1769 2349 1993 2440 quaestiones
2017 2333 2130 2440 expli·

95 2477 274 2536 serenos,
311 2471 515 2542 quanquam
545 2447 706 2518 nondum
735 2445 967 2534 intelligimus
991 2445 1084 2513 uitas
1135 2465 1209 2524 res,
1243 2445 1423 2536 quomodo
1450 2445 1571 2518 omnia
1599 2447 1671 2518 sint
1701 2445 1947 2538 imperatoris,
1977 2463 2013 2520 et
2039 2473 2129 2543 quae
2231 2507 2241 2532 ,

90 2555 266 2654 pericula,
298 2553 343 2622 acl
373 2571 601 2620 communem
633 2546 893 2637 precationem,
924 2568 1014 2638 quae
1046 2545 1084 2614 lit
1135 2543 1261 2614 debeat
1280 2566 1352 2612 esse
1374 2539 1611 2621 Ecclesiarum
1637 2547 1808 2623 defensio.
1859 2549 2128 2624 Maximeeuim

89 2659 157 2732 boc
171 2659 268 2738 luco,
294 2663 334 2724 ut
357 2649 476 2722 studia
490 2649 703 2719 discentium
725 2647 797 2718 sint
812 2647 980 2718 salutaris
994 2643 1082 2718 ttei·
1135 2643 1234 2713 decet
1259 2641 1350 2712 luris
1375 2658 1410 2714 et
1435 2643 1599 2718 lusticiae
1623 2645 1796 2742 Doctores
1817 2665 2014 2724 monstrare
2036 2651 2130 2734 aliis,

89 2761 261 2860 publicae.
680 2809 683 2816 r
1134 2769 1224 2840 quae
1238 2745 1354 2816 officia
1367 2743 1546 2836 Ecclesiae
1561 2745 1631 2823 Dei
1646 2751 1853 2828 debeantur.
1904 2752 2000 2830 Dixi.

189 2859 352 2930 Primum
378 2854 486 2943 igitur
508 2851 637 2942 gratias
659 2874 723 2942 ago
737 2850 818 2924 fitia
843 2847 908 2920 Dei
924 2845 1082 2920 Domino

87 2979 212 3046 „ostro
239 2959 318 3030 lesu
337 2952 500 3040 Christo,
536 2955 701 3024 crucifixo
724 2977 789 3044 pro
811 2951 1083 3023 nobisetresu-
1463 3010 1686 3070 omn„
1722 3031 1751 3066 u
1800 3031 1817 3067 ο
1871 3013 1881 3066 3
1932 3011 2016 3068 „M
2047 3011 2119 3067 Μ,

89 3071 233 3146 scitato,
262 3075 297 3132 ct
310 3057 490 3148 colligenti
504 3051 697 3126 Ecclesiam
715 3057 753 3124 in
767 3077 895 3143 genere
913 3049 1082 3138 bumana,
1257 3079 1372 3135 ,csse
1396 3080 1442 3132 uti
1468 3078 1646 3134 insuetum
1674 3029 1901 3150 ,sconiiovibti
1915 3033 1950 3141 ie
1972 3033 2046 3138 cneii
2068 3051 2128 3136 'ttici

87 3175 184 3269 qsrod
201 3181 234 3238 et
251 3165 344 3236 inter
358 3185 424 3230 nos
439 3158 506 3230 sibi
524 3153 775 3231 ltaereditatem
789 3154 942 3246 colligit,
969 3169 1003 3226 et
1017 3180 1083 3224 nos
1277 3149 1376 3202 urescit
1400 3157 1426 3202 ‘¹
1451 3147 1613 3203 ⁶¹⁸¹⁵³¹⁰¹¹¹
1639 3149 1742 3206 ΜΨ·
1796 3151 1843 3206 3⁸¹
1866 3161 1957 3208 ’Μ’
1983 3151 2127 3222 ffle⁰²⁸⁵⁰

87 3271 260 3346 bactensis
274 3266 464 3336 clemenlet'
479 3259 650 3352 protexit,
676 3273 711 3330 el
729 3261 824 3352 quod
840 3281 958 3331 meum
974 3257 1082 3328 cap-13,
1238 3215 1367 3274 C‘mlll
1386 3217 1419 3273 ld
1439 3217 1647 3296 vmescleutem
1665 3220 1862 3292 quaestionem.

86 3379 217 3454 simum
253 3383 386 3460 patrem
418 3376 536 3434 servat
566 3361 803 3444 incolumem,
845 3359 938 3431 iuter
968 3371 1082 3430 tantas
1236 3355 1448 3453 Priusquam
1465 3361 1752 3454 praeceptoribus
1769 3363 2004 3436 etuuirersae
2020 3357 2126 3436 scho-

84 3474 280 3574 procellas,
303 3483 338 3540 et
351 3466 446 3558 quod
463 3487 581 3534 meum
598 3464 740 3536 affinem
758 3459 948 3534 Doctorern
965 3453 1082 3532 Geor·
1133 3461 1207 3546 lae,
1233 3475 1273 3532 ut
1287 3487 1364 3532 mos
1387 3475 1457 3548 est,
1481 3463 1611 3556 gratias
1629 3487 1751 3554 apem,
1781 3464 1896 3538 iussus
1911 3490 1989 3542 sum
2005 3465 2126 3536 brevi·

81 3578 188 3679 gium
203 3573 325 3644 inultis
341 3565 533 3640 virtutibus
547 3565 699 3640 ornavit.
732 3561 871 3638 Deinde
886 3587 949 3632 oro
965 3562 1079 3654 ipsum
1131 3575 1187 3634 ter
1200 3565 1349 3636 alicuius
1366 3558 1535 3644 historiae
1549 3566 1678 3636 iactum
1695 3579 1852 3641 tractare.
1907 3565 2029 3661 ltaque
2044 3589 2160 3643 cum*

85 3685 200 3756 lilium
225 3675 309 3758 Dei,
341 3667 537 3740 Dominum
567 3681 731 3738 nostrum
754 3665 868 3740 lesum
887 3659 1081 3749 Christum,
1132 3680 1399 3758 praeceptorum
1423 3667 1622 3738 auctoritati
1642 3662 1707 3738 bac
1730 3668 1767 3738 in
1788 3693 1825 3740 re
1842 3668 1996 3760 libenter
2013 3671 2125 3740 duss-

85 3787 373 3871 utregattotum
394 3793 535 3842 cursum
558 3769 735 3840 vitaemei
755 3767 889 3849 allonis,
916 3765 1081 3840 Doctoris
1133 3767 1200 3838 rim
1216 3767 1532 3859 obtemperandum
1550 3793 1643 3853 esse,
1676 3771 1962 3868 spemrosboni
1981 3769 2124 3842 consul·

84 3878 262 3977 Georgii,
289 3889 323 3946 et
339 3897 406 3942 nos
422 3895 547 3942 omnes
564 3884 720 3962 protegat
736 3885 769 3940 et
786 3870 969 3960 gubernet.
1132 3883 1230 3940 turos
1250 3893 1322 3940 esse
1345 3867 1500 3942 ollis-ium
1524 3895 1662 3956 meum,
1690 3875 1786 3966 quod
1811 3873 2000 3946 ut'laciatis
2017 3874 2124 3944 etiam

188 3984 293 4056 Nunc
315 3975 556 4071 quaestionem
586 3974 716 4044 usitato
744 3996 844 4042 mors
874 3995 1081 4063 proponam,
1132 3965 1358 4042 vehementer
1379 3994 1476 4062 rogo.
1534 3970 1697 4044 Breviter
1717 3975 1830 4044 dicam
1855 3975 1942 4068 quid
1959 3969 2047 4044 mibi
2067 3973 2123 4042 vi-

82 4075 751 4181 dequenostempuscommonelacit:
780 4064 1080 4145 AnLeursntius
1131 4073 1257 4142 deatur
1282 4066 1325 4142 ds
1346 4071 1456 4172 sacto
1480 4067 1562 4142 divi
1577 4065 1798 4156 Laurentii,
1834 4076 1917 4170 qui,
1953 4089 1993 4146 ut
2015 4074 2124 4158 scitis,

79 4185 248 4276 debuerit
264 4188 414 4253 mortem
431 4175 555 4271 potius
577 4173 682 4260 velle,
714 4199 825 4274 quom
843 4169 987 4244 trudere
1004 4171 1080 4268 Ec·
1131 4200 1211 4244 cum
1229 4171 1364 4246 llomae
1381 4190 1555 4266 praeesset
1575 4177 1711 4248 aerario
1728 4177 1979 4262 ecclesiastico,
2004 4159 2123 4249 uoluit

80 4293 217 4370 etesiae
243 4279 435 4384 pecuniam
458 4273 711 4374 imperatori?
760 4276 814 4348 Ac
841 4277 995 4370 primum
1021 4301 1079 4348 ar·-
1131 4271 1314 4346 thesauros
1337 4291 1370 4346 et
1392 4277 1485 4347 bona
1510 4279 1677 4376 ecclesiae
1701 4279 1903 4368 imperatori
1925 4302 1965 4348 ea
1991 4279 2124 4372 petenti

78 4407 275 4492 gumentor
301 4389 345 4456 ab
368 4381 539 4474 exemplo.
591 4377 737 4452 Rectius
755 4393 831 4449 erat
855 4375 1079 4452 ludaeosdi-
1130 4381 1173 4448 ad
1193 4377 1597 4468 ususprol'anoscedere.
1647 4373 1794 4450 Acmihi
1813 4379 2124 4471 praeclarelecisse

80 4491 284 4574 dracltmon
313 4485 489 4560 Romanis
515 4483 671 4564 solvere,
705 4484 801 4574 quod
827 4481 930 4550 etiam
956 4481 1077 4574 templi
1130 4479 1344 4554 Lautreutius
1372 4480 1532 4566 videtur,
1570 4487 1666 4574 quod
1697 4481 1901 4572 imperatori
1934 4481 1999 4554 ista
2027 4485 2122 4558 bons

80 4613 182 4682 erut,
207 4617 313 4690 quam
331 4587 419 4658 velle
436 4601 544 4656 totam
560 4599 699 4674 gentem
716 4581 839 4658 deleri.
873 4577 969 4673 Ergo
983 4581 1077 4656 Lau-
1130 4581 1282 4672 negavit.
1336 4577 1509 4654 luiustum
1525 4581 1620 4650 enim
1644 4595 1695 4652 est
1709 4581 1916 4678 cuiusquam
1934 4583 1985 4654 rei
2004 4583 2123 4654 domi·

76 4701 223 4783 tentius
239 4705 374 4794 poterat
391 4687 573 4780 pecuniam
589 4688 736 4756 tradere.
1130 4683 1230 4752 nium
1247 4685 1288 4752 ad
1307 4681 1456 4754 iniustos
1472 4683 1636 4752 dominos
1649 4685 1851 4760 transferre.
1902 4681 1988 4757 Erat
2003 4699 2122 4756 atatem
2192 4685 2197 4700 '

186 4797 292 4877 ltem:
331 4791 481 4866 Rectum
514 4801 566 4860 est
590 4787 721 4863 latroni
743 4783 928 4883 pecuniam
960 4785 1079 4878 potius
1130 4783 1195 4853 ista
1222 4783 1369 4874 pecunia
1396 4785 1579 4868 ecclesiae,
1612 4809 1702 4878 quae
1726 4811 1802 4856 eam
1832 4801 2054 4876 conpesceret
2075 4789 2122 4860 sd

78 4929 193 5006 quam
217 4905 325 4970 vitam
350 4893 499 4964 tradere.
1129 4884 1343 4954 necessarios
1365 4909 1448 4953 tusus
1473 4909 1666 4978 pauperum
1691 4899 1725 4958 et
1754 4886 2019 4972 ministrorum,
2058 4887 2124 4982 qui

186 5003 370 5078 Postremo
387 5009 421 5064 et
435 4985 504 5060 ltoc
518 4989 691 5082 disputari
709 4999 841 5081 potest,
868 4985 987 5056 orunia
1005 5009 1078 5062 esse
1129 4987 1376 5080 proponebant
1408 4987 1475 5077 piis
1495 5011 1613 5056 veram
1639 4989 1682 5060 de
1714 4989 1884 5076 religione
1911 4989 2122 5065 doctrinam.

76 5103 332 5200 Imperatoris,
361 5117 470 5192 quare
485 5105 520 5163 et
542 5091 729 5184 pecuniam
745 5087 923 5168 Ecclesiae
939 5089 1077 5160 auferre
1129 5087 1234 5158 Nulla
1259 5087 1368 5178 igitur
1389 5087 1478 5158 iusta
1503 5113 1605 5158 causa
1623 5090 1816 5180 imperator
1840 5115 1915 5160 eam
1936 5092 2121 5182 pecuniam

76 5211 213 5312 pomp,
655 5201 660 5226 ¹
1129 5191 1328 5280 poposcisse
1350 5189 1507 5272 uidetur,
1541 5215 1622 5260 curn
1647 5191 1803 5260 alienum
1829 5193 2057 5284 appetiverit,
2083 5192 2122 5261 in

186 5307 256 5384 Sed
286 5300 442 5397 Spiritus
469 5307 611 5366 sauctus
634 5291 671 5364 iu
693 5287 888 5364 Lasrrentio
914 5289 1075 5360 testimo·
1128 5315 1200 5384 quo
1223 5291 1297 5382 ipse
1320 5285 1414 5360 nibil
1438 5286 1590 5362 babebat
1613 5293 1719 5377 iuris,
1752 5283 1952 5384 non'magis
1968 5315 2074 5387 quam
2091 5293 2123 5362 si

78 5420 187 5496 nium
207 5401 426 5484 eontrarium
448 5393 622 5481 ostendit,
652 5393 755 5464 aliter
771 5389 949 5480 Romani,
973 5391 1076 5466 aliter
1100 5459 1108 5484 ,
1128 5393 1261 5486 praedo
1288 5391 1325 5462 ri
1356 5391 1394 5462 ln
1423 5393 1555 5470 alienas
1583 5393 1764 5468 facultates
1787 5396 1958 5490 impetum
1983 5395 2124 5472 lacerat.
