4638 6172
57 295 124 372 497

55 473 118 545 Sed
134 497 156 543 o
170 491 332 542 censores
348 492 489 562 asperos
502 485 537 544 et
551 495 750 565 pergraves,

55 575 124 664 Qui
137 575 234 670 quod
249 567 518 666 reprehendunt
534 577 573 645 in
589 571 728 647 theatro
743 577 876 650 ludunt
890 579 1002 650 dorni.

54 676 98 750 Et
110 678 228 748 curios
242 675 432 764 simulant,
456 678 586 750 vivunt
601 674 844 770 bacchanalia,

52 777 343 874 Ludunt'poe'tae.
394 779 444 851 At
458 780 558 852 lusus
574 781 630 850 illi
645 783 735 854 seria

53 883 210 970 Ducunt,
236 881 414 976 simulque
430 907 572 955 morum
586 886 733 958 tradunt
753 888 887 978 optima

54 989 150 1059 Vitae
167 999 368 1080 praecepta,
393 1001 434 1058 ut
447 981 541 1056 nihil
558 987 687 1058 melius
700 985 815 1060 Solon

53 1091 120 1164 Aut
133 1091 291 1161 sanctius
307 1088 437 1159 tabulis
456 1089 676 1181 inscripserit
692 1093 822 1165 aeneis.

53 1197 116 1266 Sed
129 1218 292 1286 asperam
306 1205 424 1262 tamen
442 1192 609 1263 virtutem
626 1194 801 1265 condiunt

54 1293 326 1370 locundioribus
340 1293 536 1381 illecebris,
561 1309 601 1365 ut
617 1297 732 1369 solent

55 1399 182 1470 Medici
199 1397 320 1470 daturi
338 1397 459 1487 pueris
474 1411 562 1469 tetra
577 1394 778 1492 absynthia,

53 1500 135 1572 Cum
149 1502 258 1572 melle
273 1500 372 1571 dulci
387 1511 421 1569 et
439 1523 579 1572 saccaro
597 1501 739 1572 irritant
757 1503 887 1591 gulam.

55 1605 235 1676 lacessant
251 1627 334 1694 ergo
349 1601 465 1696 iniqui
481 1605 616 1674 iudices
632 1599 717 1674 binc
730 1605 854 1695 procul

55 1705 95 1780 Ut
110 1708 342 1803 aequioribus
357 1707 539 1798 spectandi
557 1709 643 1777 dent
657 1707 785 1777 locum.

54 1807 117 1882 Nos
130 1811 269 1904 publici
285 1809 471 1902 nostrique
488 1833 591 1880 causa
608 1811 785 1880 commodi

54 1911 303 1986 Terentianam
318 1935 460 2002 agemus
477 1906 694 1983 Eunuchum
710 1916 831 1992 modo,

55 2015 126 2106 Qua
139 2017 334 2089 barbaram
348 2011 547 2085 Thrasonis
561 2017 800 2104 arrogantiam

55 2117 265 2216 Factumque
279 2121 422 2188 inanem
441 2117 577 2192 irridet.
630 2115 699 2188 Hic
715 2133 765 2189 est
782 2139 924 2187 cernere

55 2220 201 2295 Perinde
219 2225 313 2294 acin
330 2221 474 2313 speculo
488 2219 713 2291 ardelionum
729 2222 932 2310 imaginem,

55 2323 125 2414 Qui
140 2327 300 2398 caudices
313 2324 487 2419 longique
502 2349 582 2396 cum
599 2324 689 2393 meri
709 2325 812 2404 sient,

55 2426 185 2500 Primae
202 2443 321 2500 tamen
334 2427 404 2498 sibi
419 2451 538 2498 rerum
555 2426 689 2520 ubique
704 2427 908 2499 vendicant.

55 2528 249 2605 Proventus
263 2527 372 2603 huius
387 2531 526 2620 generis
541 2543 593 2600 est
612 2529 833 2600 uberrimus*

56 2633 123 2708 Hoc
138 2637 282 2717 seculo,
307 2657 389 2704 cum
403 2657 440 2703 se
455 2633 561 2704 titulo
580 2633 783 2724 sapientiae,

58 2739 238 2812 llnsarunr
254 2739 387 2830 ubique
405 2737 610 2821 venditant,
637 2730 756 2806 hostes
770 2735 837 2806 leri

56 2841 241 2940 Propbana
259 2841 453 2934 divinaque
467 2839 615 2910 miscent
631 2839 765 2912 omnia.

56 2944 120 3020 Vos
134 2971 223 3040 crgo
241 2945 372 3030 favete,
398 2955 609 3036 spectatores
623 2941 763 3034 optimi,

57 3045 225 3124 Adsertur
239 3047 337 3118 utilis
351 3059 386 3120 et
405 3046 560 3118 iucunda
575 3045 708 3116 fabula.

65 3275 780 3298 &mm-*anw-
792 3269 1038 3282 ..n-...n--o-——n-n

76 3430 137 3504 No.
154 3425 221 3501 44.

59 3527 229 3560 w

836 3422 902 3504 (55.
918 3421 1029 3502 aeas.)

827 3514 1041 3550 Μ

115 3653 145 3709 ln
160 3646 301 3720 icmgine
312 3645 402 3702 Sceer.
419 3643 485 3700 etin
500 3656 561 3712 opp.
576 3638 637 3694 Bas.
655 3636 689 3694 T.
703 3635 737 3694 V.
756 3656 782 3710 p.
795 3635 856 3692 828.
880 3635 962 3707 Apud
976 3631 1045 3690 Vin.

146 3719 274 3777 centium
295 3735 321 3790 p.
337 3715 395 3771 121.

251 3893 429 3992 Prologus
453 3897 494 3964 in
519 3889 681 3964 militem
705 3886 849 3958 Plauti.

54 4053 200 4128 Deserta
217 4071 320 4120 scena
336 4058 370 4116 et
385 4057 482 4114 muta
500 4039 711 4136 aliquandiu
727 4038 832 4124 stetit,

53 4157 223 4251 Salesqne
237 4149 466 4231 refrixerant,
492 4159 527 4216 et
541 4143 668 4214 comici
685 4141 765 4225 ioci,

52 4259 141 4332 Cu'm
158 4253 308 4342 barbari
323 4250 527 4322 obruissent
542 4245 699 4318 tenebris
714 4245 846 4324 literas,

53 4363 118 4434 Sed
128 4357 172 4460 *)
188 4371 376 4452 postquam
392 4365 497 4446 caput
516 4350 658 4440 erigunt
673 4347 887 4427 comoediae,

53 4465 183 4536 Favete
197 4483 328 4556 quaeso
342 4458 382 4526 in
398 4457 514 4524 lucem
531 4465 571 4523 ut
585 4475 656 4522 una
672 4451 833 4542 prodeat,

54 4567 238 4638 Praestare
255 4563 294 4632 id
308 4581 459 4653 aequum
478 4569 547 4640 est,
572 4577 636 4625 vos
652 4553 783 4647 quibus
798 4552 896 4644 ipsae
912 4547 1036 4626 literae

56 4669 186 4762 lngens
202 4668 309 4738 decus
323 4684 507 4754 peperere,
532 4656 605 4728 Nec
621 4655 853 4738 committere,

53 4771 183 4844 Audax
198 4781 240 4840 nt
255 4769 458 4856 inceptum,
483 4785 524 4830 ac
542 4783 676 4832 novum
693 4758 813 4828 fraudi
829 4757 895 4828 siet

54 4875 190 4954 Nobis,
217 4891 318 4940 amor
334 4889 424 4960 quos
441 4865 625 4934 literarum
640 4860 808 4952 perpulit,

54 4975 247 5050 Renovare
260 4970 416 5064 priscum
434 4989 588 5050 morem,
613 4977 648 5034 et
663 4959 732 5034 hoc
747 4963 946 5054 spectaculo

54 5079 178 5152 Ludos
194 5077 331 5154 iacere,
358 5066 445 5140 haec
462 5079 504 5138 ut
518 5067 655 5152 studia,
682 5081 716 5136 et
733 5080 828 5138 actas
847 5067 1037 5158 postulant.

54 5181 231 5276 lllamqoe
246 5200 312 5248 vos
327 5175 425 5248 decet
437 5172 558 5241 lavore
572 5168 752 5262 prosequi.

54 5285 187 5358 Audite
199 5305 298 5354 nunc
312 5279 352 5350 in
368 5299 438 5373 qua
453 5273 604 5346 velimus
620 5271 742 5342 fabula

56 5445 258 5458 ο--ιι-Ι-

88 5529 122 5590 ⁸)
142 5523 203 5580 Ber.
223 5521 283 5578 Sed
298 5527 363 5576 ltere.

57 5605 236 5672 hircana.
253 5605 360 5668 Orare.
376 5601 456 5664 Vct..
472 5597 518 5662 Χ.

789 300 1116 380 CARMlNUM
1166 299 1274 381 LlB.
1302 301 1330 378 l.
1400 335 1410 349 ι

2012 307 2089 383 498

1097 474 1229 548 Facere
1243 475 1395 548 actionis
1410 469 1477 547 hoc
1493 476 1572 547 loco
1587 475 1798 569 periculum.

1098 577 1279 652 Germana
1294 577 1414 652 Plauti
1430 591 1483 650 cst
1497 603 1604 672 quam
1622 582 1730 650 modo
1746 576 2003 660 exhibebimus.

1096 681 1208 754 Cuius
1226 681 1387 752 ferebant
1401 707 1462 752 ore
1477 681 1732 753 facundissimo

1097 784 1221 856 Musas
1236 785 1344 854 luisse
1359 785 1514 856 libenter
1528 807 1654 855 usuras
1667 787 1780 876 probe

1097 887 1136 960 Si
1153 889 1299 982 quando
1315 889 1515 958 decressent
1530 889 1639 958 latine
1658 889 1787 962 dicere.

1095 989 1306 1083 Nomenque
1320 991 1403 1062 fecit
1417 991 1612 1080 gloriosum
1632 989 1783 1062 militem

1095 1091 1205 1164 Poiita
1219 1093 1379 1174 fabulae,
1406 1105 1653 1184 argumentum
1671 1117 1712 1162 ex
1728 1093 1869 1164 servulo

1098 1195 1306 1286 lntelligetis
1318 1195 1338 1282 ,⁴
1353 1197 1414 1266 ille
1431 1196 1580 1288 sumpsit
1595 1189 1663 1266 hoc
1678 1195 1759 1282 sibi,

1097 1295 1146 1370 Ut
1162 1305 1283 1368 namet
1298 1297 1373 1390 ipse
1380 1351 1392 1385 ,
1420 1323 1504 1368 nam
1519 1298 1773 1390 crepitaculum
1792 1311 1845 1372 est
1860 1322 2011 1392 merum,

1097 1398 1205 1490 Quod
1221 1425 1296 1470 non
1312 1401 1453 1472 molesti
1471 1400 1525 1472 bis
1541 1423 1683 1486 sumus,
1707 1395 1799 1470 mihi
1814 1404 1962 1494 gratiam

1096 1501 1263 1590 Debetis,
1287 1505 1385 1574 ultro
1400 1505 1464 1597 qui
1481 1504 1623 1598 loquaci
1638 1503 1780 1574 servulo

1096 1601 1207 1676 Cessi.
1258 1603 1328 1676 Sed
1348 1631 1426 1677 ecce
1443 1607 1596 1678 militem
1610 1605 1817 1698 delegimus,

1097 1707 1201 1781 Utin
1218 1703 1287 1778 hoc
1303 1709 1469 1780 inventus
1483 1722 1605 1779 nostra
1619 1709 1784 1800 inspiciat
1800 1711 1926 1781 sedulo

1097 1807 1331 1903 Exemplum,
1359 1826 1394 1882 et
1409 1813 1591 1883 intueatur
1605 1807 1665 1882 hic
1681 1811 1873 1902 imaginem

1098 1911 1251 1985 Perinde
1263 1939 1303 1985 ac
1320 1916 1358 1986 in
1374 1915 1506 1986 tabella
1523 1913 1771 1984 adumbratam
1788 1938 1900 1988 suam.

1096 2016 1169 2087 Nec
1182 2017 1237 2087 lac
1251 2019 1348 2088 enirn
1364 2017 1467 2100 lacti,
1494 2041 1559 2086 nec
1574 2041 1643 2086 ovo
1662 2029 1715 2087 est
1730 2041 1838 2088 ovum
1852 2017 1964 2109 magis

1098 2118 1244 2202 Simile,
1268 2117 1490 2212 huic'inepto
1507 2119 1616 2189 militi
1631 2143 1739 2214 quam
1757 2132 1841 2192 suut
1858 2123 1966 2192 modo

1098 2221 1267 2313 Quicum
1284 2223 1447 2293 meliores
1465 2221 1584 2292 literas
1599 2221 1800 2304 fastidiunt,

1097 2325 1233 2397 Rerum
1250 2327 1411 2396 omnium
1430 2339 1549 2396 tamen
1565 2324 1748 2394 scientiam
1765 2323 1836 2395 sibi

1098 2421 1279 2500 Audacter
1293 2441 1478 2519 arrogant,
1502 2441 1536 2498 et
1552 2428 1646 2498 inter
1660 2427 1788 2520 pocula

1098 2527 1141 2599 ln
1158 2531 1393 2624 compitisque
1409 2530 1594 2600 venditant
1610 2553 1713 2600 suurn
1731 2521 1862 2625 σοφός,

1099 2631 1236 2723 Vulgus
1252 2629 1478 2725 prophanum
1492 2646 1526 2703 ct
1541 2632 1767 2724 improbum,
1793 2644 1899 2724 atque
1915 2631 2017 2705 iutile

1098 2731 1320 2822 Thrasones,
1345 2749 1450 2828 atque
1465 2731 1757 2830 Pyrgopolinices
1773 2733 1863 2803 meri

1097 2837 1308 2929 Dignissimi
1325 2838 1406 2932 quis
1422 2837 1531 2908 latera
1546 2837 1633 2907 fiant
1646 2835 1755 2907 lorea.

1099 2939 1168 3012 Sed
1186 2965 1307 3011 eccum
1327 2941 1499 3026 militem,
1524 2939 1639 3010 iavete
1656 2937 1847 3022 actoribus,

1098 3041 1147 3116 Et
1164 3045 1245 3117 date
1262 3043 1442 3116 iuventuti
1459 3041 1640 3114 crescendi
1655 3041 1806 3135 copiam.

1818 3249 1889 3258 .--..-
1896 3249 2092 3264 .....-.....,.-,ΙΙ

1124 3383 1191 3456 Nu.
1208 3381 1271 3456 45.

1108 3478 1279 3508 m

1889 3385 1956 3464 (an.
1973 3387 2084 3472 5555.)

1885 3477 2117 3515 Μ.

1170 3601 1252 3672 Apnd
1273 3596 1431 3662 Secutum
1455 3595 1521 3652 item
1542 3595 1570 3650 io
1592 3613 1655 3669 opp.
1672 3597 1734 3652 Bas.
1752 3595 1787 3652 Τ.
1804 3596 1836 3654 V.
1854 3617 1880 3670 p.
1893 3599 1956 3662 829.
1981 3614 2007 3660 ct
2024 3609 2096 3679 apud

1203 3670 1329 3727 vincent.
1347 3687 1372 3740 p.
1388 3667 1446 3722 122.

1269 3823 1446 3920 Peolopsts
1468 3825 1510 3894 in
1533 3820 1724 3894 Andriam
1749 3827 1931 3898 Terentii.

1101 3979 1247 4049 Vestrae
1264 3976 1435 4070 periclum
1452 3973 1600 4046 fecimus
1616 3975 1808 4070 patientiae

1099 4081 1192 4154 Cum
1210 4103 1326 4174 nuper
1342 4078 1382 4148 in
1396 4102 1500 4148 scena
1519 4071 1747 4149 exhibuimus
1761 4077 1926 4148 militem.

1101 4185 1323 4276 Animosque
1337 4181 1443 4252 nobis
1458 4181 1596 4253 addidit
1614 4193 1728 4250 vester
1743 4182 1855 4264 favor,

1101 4288 1151 4360 Ut
1168 4311 1243 4357 non
1259 4286 1437 4376 patiamur
1454 4307 1595 4354 scenam
1612 4283 1854 4364 consilescere,

1101 4389 1172 4464 Sed
1188 4413 1233 4458 ne
1248 4387 1390 4458 mirere.
1444 4383 1545 4475 Quid
1561 4407 1712 4477 pompae
1728 4379 1942 4472 Teologicae

1101 4491 1193 4564 Cum
1211 4489 1354 4560 comicis
1370 4487 1481 4558 iocis?
1506 4509 1624 4556 merae
1638 4499 1724 4556 sunt
1737 4485 1890 4568 fabulae,

1104 4595 1145 4666 ln
1162 4593 1309 4687 pulpitis
1322 4585 1398 4686 ut')
1414 4591 1566 4682 agebant
1581 4583 1689 4657 hodic
1705 4582 1894 4679 Theologi,

1101 4695 1148 4768 Et
1163 4689 1386 4767 chirothecae
1402 4691 1577 4770 etannuli
1595 4701 1679 4760 sunt
1692 4691 1847 4776 fabulae,

1103 4801 1242 4871 Nomen
1258 4795 1424 4888 Magistri
1439 4793 1553 4864 nostri
1572 4791 1678 4882 plane
1692 4793 1846 4874 fabulae,
1891 4841 1904 4858 .

1103 4901 1287 4973 Postremo
1304 4899 1367 4995 qui
1384 4895 1556 4968 conduxit
1569 4891 1597 4988 ²)
1617 4919 1761 4988 operam
1779 4889 1887 4964 huius
1902 4893 2016 4986 gregis

1104 5001 1313 5093 Theologus
1324 5014 1394 5084 est,
1421 5022 1556 5092 suoque
1572 4997 1676 5068 iussit
1691 4995 1850 5068 fabulam

1103 5107 1282 5179 Prolixior
1296 5120 1337 5178 ut
1352 5103 1443 5174 risus
1459 5101 1552 5172 locet
1573 5097 1787 5193 praescripto
1803 5099 1871 5188 agi,

1105 5207 1153 5282 Ut
1168 5223 1209 5280 ut
1225 5207 1464 5300 placebimus,
1490 5201 1659 5298 imputari
1676 5201 1753 5273 vult
1768 5201 1847 5272 sibi.

1143 5437 1171 5496 l)
1190 5437 1234 5497 ut]
1252 5433 1311 5490 Bra.
1329 5445 1410 5498 quos.

1140 5518 1172 5580 Ξ)
1193 5516 1252 5571 Bes.
1272 5515 1409 5570 oondc'n't.
1574 5581 1626 5654 8²
