4638 6176
81 299 147 384 aa
807 295 1135 380 caauruuu
1184 294 1293 416 nra.
1317 253 1372 378 rr
2030 297 2107 377 sao

80 474 188 568 Oego
206 496 295 570 quas
309 473 425 544 dicam
440 483 554 564 grates
569 472 638 544 tibi
652 471 805 544 maxime
818 495 941 544 rerum

79 577 250 654 Conditor
262 575 477 647 immensum
491 575 574 669 quia
589 577 659 648 late
674 573 808 668 spargis
825 575 864 645 in
880 573 1006 646 urbm

78 680 195 755 Nostri
206 677 396 769 Evangelii
410 679 560 750 demissa
574 679 718 750 oracula
732 678 842 748 coelo.

75 783 335 876 Doctrinaeqne
349 793 430 852 tuae
445 781 565 874 parvis
582 782 646 852 das
659 782 752 860 ferre
761 775 918 853 Colossis

75 885 229 959 Munera
241 896 283 954 nt
295 883 335 952 in
351 883 443 953 clara
456 884 594 974 possint
608 898 643 956 te
657 884 736 954 luce
751 883 885 968 videre,

72 987 120 1063 Et
133 999 295 1058 metuant
308 985 405 1056 vitiis
420 998 455 1056 te
469 985 602 1058 nostris
616 985 715 1058 triste
730 985 923 1056 minantem

72 1089 297 1182 Supplicium
312 1101 348 1158 et
360 1087 521 1171 bonitate
536 1103 596 1160 tua
609 1089 785 1160 confidere
800 1087 948 1169 discant,

70 1191 118 1265 Et
132 1187 271 1264 Christi
285 1189 421 1261 meritis
433 1191 609 1282 placatum
624 1189 771 1280 diligere
788 1187 918 1272 ausint,

68 1293 296 1386 Delendique
309 1292 453 1385 regique
469 1305 531 1362 tuo
548 1315 585 1361 se
600 1293 749 1362 numine
763 1292 921 1370 credant,

67 1393 117 1468 Et
132 1409 264 1467 certam
279 1394 372 1462 vitae
390 1393 547 1463 melioris
560 1394 765 1486 concipiant
778 1415 889 1484 spem,

67 1496 117 1572 Et
133 1509 228 1568 casto
242 1495 314 1565 sibi
329 1495 478 1588 quisque
493 1495 799 1587 aliossscomplexus
816 1515 948 1574 amore,

1115 470 1280 544 Proxima
1289 473 1350 544 sed
1359 469 1482 560 virtus,
1490 465 1654 543 homines
1662 471 1790 560 colere,
1799 486 1905 568 atque
1912 473 2033 546 iuvare
2041 485 2103 558 est,

1164 573 1216 650 Et
1228 571 1412 647 Christum
1428 576 1530 646 castis
1545 576 1705 646 moribus
1720 574 1926 668 exprimere.

1113 674 1222 749 Hunc
1234 679 1437 772 quicunque
1449 701 1594 770 scopum
1610 701 1685 748 non
1699 678 1814 768 attigit
1827 677 1960 772 optime
1975 691 2088 770 gnate,

1163 777 1224 850 Nil
1238 794 1378 872 praeter
1394 803 1505 871 nugas
1519 781 1580 848 ille
1595 781 1720 850 docere
1736 793 1861 873 potest.

1115 877 1181 952 llle
1193 879 1310 951 Deum
1324 883 1455 952 nostris
1469 881 1582 952 oculis
1597 906 1670 952 non
1685 897 1875 970 monstrat,
1899 894 1934 954 et
1948 903 2022 952 esse

1166 979 1209 1051 In
1223 985 1322 1052 coelo
1338 983 1443 1054 nobis
1457 999 1625 1076 pernegat
1640 983 1699 1054 ille
1715 998 1862 1077 patrem.

1111 1079 1162 1154 Et
1177 1085 1314 1155 miseris
1329 1085 1459 1155 animis
1475 1087 1599 1156 solatia
1614 1088 1714 1157 nulla
1730 1086 1913 1182 relinquit,

1163 1183 1281 1257 Corda
1294 1185 1362 1257 Dei
1377 1189 1484 1258 verbo
1499 1213 1573 1258 non
1588 1189 1679 1261 levat
1696 1189 1757 1258 ille
1772 1189 1887 1260 malis.

1111 1285 1193 1360 Non
1212 1289 1305 1359 vires
1320 1304 1441 1360 contra
1459 1289 1644 1376 satanam,
1670 1314 1744 1360 non
1760 1314 1858 1360 arma
1874 1289 2062 1376 ministrat,

1162 1390 1326 1484 Denique
1343 1391 1374 1462 ei
1391 1406 1486 1464 totus
1501 1393 1620 1464 fabula
1635 1389 1801 1464 Christus
1812 1393 1890 1464 erit.

1112 1487 1146 1562 A
1159 1489 1302 1564 Christo
1317 1509 1456 1565 revocat
1470 1508 1606 1564 mentes
1620 1509 1655 1565 et
1669 1496 1800 1584 fingere
1814 1519 1940 1582 mores,
2034 1552 2039 1561 .

68 1599 255 1672 Omnibus
270 1595 395 1666 officiis
409 1597 494 1686 liget
503 1593 544 1691 ¹):
569 1593 618 1667 Et
632 1621 723 1690 quae
732 1607 866 1665 caetera
875 1588 1061 1688 Epaphras
1163 1593 1311 1664 Viribus
1325 1591 1489 1666 humanis
1506 1599 1541 1664 id
1558 1597 1642 1665 satis
1655 1621 1728 1667 esse
1743 1599 1857 1670 docet.

68 1700 137 1772 llle
153 1722 254 1770 meus
269 1699 405 1782 docuit,
431 1701 494 1767 sed
508 1714 547 1770 tu
563 1711 664 1790 pater
676 1697 810 1789 optime
822 1719 941 1766 rernm

67 1803 262 1894 Adspires,
288 1813 322 1871 et
336 1795 452 1870 adhuc
467 1800 626 1870 infirmas
644 1794 798 1892 provehe
812 1798 920 1882 vires,

68 1903 117 1976 Et
131 1904 265 1975 teneris
279 1905 431 1972 concede
445 1902 574 1971 animis
591 1901 808 1984 adolescere,
833 1921 977 1994 quaeso.

70 2004 105 2080 Ο
120 2017 271 2099 pateret
284 2027 411 2096 parvos
426 2005 568 2074 coelesti
583 2027 650 2096 ope
662 2023 767 2093 perge
780 2001 902 2071 fovere

69 2109 271 2202 Segniaqne
285 2108 454 2176 accendas
469 2107 594 2176 divino
607 2104 756 2176 nurnine
770 2104 890 2185 corda,

70 2209 121 2283 Ut
137 2212 277 2282 discant
290 2209 413 2278 oculos
427 2209 467 2276 in
482 2223 515 2280 te
531 2209 681 2298 defigere
694 2205 837 2291 mentis,

1111 1691 1207 1785 Ergo
1223 1711 1324 1786 urget
1337 1699 1449 1788 legem
1465 1711 1499 1768 et
1514 1699 1655 1768 servilia
1671 1699 1793 1768 munia
1805 1697 1929 1792 poscit,

1161 1797 1246 1868 Non
1260 1823 1350 1870 onus
1366 1797 1433 1869 hoc
1450 1795 1584 1870 Christi
1602 1802 1736 1871 mentio
1751 1815 1847 1890 grata
1860 1801 1967 1872 levat.

1111 1893 1160 1972 Et
1170 1913 1340 1995 tanquam
1355 1901 1479 1971 faciem
1495 1903 1690 1972 radiantem
1708 1901 1809 1972 Mose
1823 1903 1973 1994 tegebat,

1161 2001 1235 2072 Nec
1250 2003 1367 2096 potnit
1382 2003 1494 2072 lucem
1511 2005 1615 2075 turba
1632 2005 1753 2074 videre
1765 2001 1845 2076 Dei.

1111 2103 1177 2174 llle
1192 2105 1296 2175 etiam
1314 2105 1465 2174 infirmis
1479 2105 1591 2176 oculis
1607 2120 1640 2176 te
1655 2103 1757 2176 Mose
1772 2118 1900 2193 tuetur,

1163 2203 1282 2300 Atque
1297 2203 1413 2276 Deum
1431 2219 1519 2277 tecta
1533 2209 1608 2298 lege
1621 2208 1742 2278 videre
1755 2209 1890 2301 nequit.

69 2311 121 2384 Et
134 2311 256 2403 magni
272 2325 470 2382 assuescant
483 2311 631 2402 propius
646 2309 720 2378 vim
736 2329 880 2378 cernere
892 2304 1035 2378 amoris.
1111 2305 1195 2378 Non
1209 2332 1273 2397 ego
1287 2307 1362 2398 lege
1376 2309 1459 2379 volo
1474 2310 1566 2378 male
1581 2309 1692 2380 libera
1707 2325 1848 2404 pectora
1862 2309 1965 2394 solvi,

72 2413 156 2503 Quo
170 2437 236 2485 nos
251 2413 314 2508 qui
325 2407 663 2484 colimusChristnm
675 2410 916 2502 complectere,
942 2421 978 2478 et
988 2429 1062 2476 esse
1162 2411 1232 2480 lsta
1248 2411 1339 2479 feras
1355 2425 1488 2481 mentes
1507 2412 1769 2505 indomitasque
1784 2413 1887 2502 regit.

72 2513 144 2588 Nos
160 2538 265 2588 curae
280 2514 347 2586 tibi
361 2516 593 2606 perspiciant,
617 2526 821 2606 certantque
834 2509 990 2579 vicissim

74 2617 147 2688 lam
163 2639 281 2688 mores
296 2617 364 2688 tibi
376 2629 508 2698 castos,
533 2631 640 2710 atque
657 2635 829 2706 reponere
843 2613 933 2683 facta

1110 2507 1154 2582 Et
1175 2512 1280 2582 iubeo
1296 2525 1454 2582 sanctam
1470 2512 1603 2603 legem,
1627 2516 1688 2584 scd
1704 2513 1771 2584 rite
1786 2513 1917 2600 doceri,

1162 2609 1332 2698 Somnia,
1356 2637 1432 2683 non
1450 2615 1561 2704 legem
1579 2614 1733 2707 plurima
1749 2617 1872 2700 turha,
1897 2618 2011 2688 docet.

75 2717 186 2812 Digna
195 2716 404 2809 Evangelio,
430 2732 537 2812 atque
551 2719 688 2813 aliquas
697 2715 852 2786 reserant
860 2712 928 2783 tibi
937 2724 1062 2802 grates,
1111 2713 1205 2804 Lege
1220 2717 1326 2784 rudes
1340 2715 1478 2784 animos
1493 2716 1635 2786 coelesti
1652 2741 1848 2786 assuescere
1862 2717 1965 2789 iussit

76 2819 380 2914 Contemnantque
395 2820 511 2891 minas
528 2819 663 2912 ingenti
677 2831 818 2910 pectore
832 2815 970 2900 mundi,

77 2919 120 2996 Et
135 2936 278 3015 sperent
292 2924 413 2992 dextra
429 2922 573 2992 defendi
590 2943 691 3014 posse
710 2932 869 3010 paterna,

78 3025 132 3098 Sic
143 3023 333 3116 Evangelii
348 3036 470 3115 surgat
482 3047 582 3116 seges
593 3045 699 3096 aurea
714 3021 850 3105 nostri,
874 3031 942 3089 etc.

78 3359 249 3488 Q

136 3577 168 3636 la
180 3596 247 3653 opp.
259 3569 344 3630 Basii.
353 3571 389 3628 T.
400 3570 432 3629 t.
448 3591 476 3646 p.
484 3571 538 3628 dl?
549 3589 611 3644 sqq.
622 3577 650 3624 et
663 3568 829 3646 apnd,Vinc.
847 3588 875 3643 p.
884 3568 938 3626 il!
948 3585 1009 3642 sqq.

236 3737 408 3810 Primam
429 3739 547 3827 caput
568 3727 622 3804 nd
646 3725 890 3802 Timotheum.

70 3885 224 3985 Exoptat
240 3887 373 3962 Paulus
388 3886 454 3959 tibi
471 3909 610 3958 summo
627 3907 647 3953 a
661 3895 759 3974 patre
778 3861 954 3965 salntem*

118 3993 204 4066 Non
218 3992 326 4064 cassis
340 3991 434 4062 votis
447 3989 597 4060 candide
614 3979 816 4060 Timotheo.

70 4091 216 4167 lninnxi
229 4094 395 4164 mandata
413 4091 479 4164 tibi
496 4113 584 4182 puer
597 4087 749 4180 optime,
774 4087 918 4180 quando

115 4195 175 4270 Ex
187 4189 331 4290 Epheso
346 4192 537 4265 Manedum
553 4205 644 4262 terra
660 4189 810 4280 petenda
825 4187 906 4262 tuit

70 4295 116 4372 Ut
132 4315 256 4372 nostra
271 4297 412 4368 studeas
429 4317 547 4366 arcere
561 4318 580 4364 a
597 4291 700 4384 plebe
717 4287 921 4382 Magistros,

116 4401 222 4492 Quos
237 4399 352 4470 lamae
367 4397 460 4488 cogit
472 4395 559 4466 falsa
575 4396 701 4466 docere
716 4393 805 4468 sitis.

64 4497 165 4574 llaec
182 4515 299 4573 antem
317 4499 477 4571 iacienda
494 4499 563 4589 piis
578 4493 757 4588 praecepit
772 4489 880 4580 lesus,

117 4603 272 4676 Acribus
286 4597 372 4672 haec
386 4601 513 4673 studiis
530 4601 677 4670 iusserat
692 4595 753 4664 ille
767 4595 850 4686 peti.

64 4702 117 4780 Ut
131 4703 226 4778 nihil
240 4703 428 4776 addubites
441 4726 545 4774 curae
559 4723 625 4770 nos
641 4720 715 4768 esse
729 4695 879 4790 parenti,

117 4807 194 4900 Qui
208 4821 309 4880 vocat
324 4801 421 4878 hunc
438 4829 521 4875 vero
538 4816 696 4896 pectore,
721 4799 831 4872 sentit
844 4823 959 4893 opem.

63 4904 133 4980 llle
147 4911 223 4982 lnet
234 4909 343 4980 iustas
357 4929 508 5000 poenas,
535 4905 598 5000 qui
611 4925 745 4973 numen
761 4896 840 4972 lesu

117 5009 200 5084 Non
214 5010 316 5096 colit,
343 5023 378 5081 et
391 5009 538 5079 miseros
555 5007 646 5077 velle
660 5004 783 5074 iuvare
799 5019 914 5093 negat.

60 5107 133 5185 llla
146 5113 217 5186 sibi
233 5113 377 5182 demum
395 5135 494 5182 mens
509 5123 559 5181 est
574 5109 665 5180 hene
682 5105 841 5192 conscia,
867 5105 947 5178 fidit

116 5213 218 5307 Quae
234 5214 393 5285 bonitate
408 5211 497 5300 Dei,
521 5237 610 5308 quae
626 5209 820 5304 metuitque
836 5209 951 5280 minas
960 5203 1009 5308 ⁸).

59 5353 260 5370 ..ψ-

103 5411 129 5474 l)
146 5411 229 5478 liget]
247 5423 304 5462 non
322 5405 402 5461 babet
418 5403 501 5460 Basil.

100 5494 124 5561 't
140 5495 202 5552 Bu.
219 5509 347 5563 quaeque
363 5492 458 5546 mehor
474 5489 586 5544 nemsi.

1163 2815 1318 2887 Servitia
1335 2829 1370 2887 et
1385 2817 1479 2887 flecti
1494 2818 1605 2888 lerrea
1620 2820 1727 2889 corda
1740 2815 1850 2890 Deus.

1111 2915 1208 2989 Dum
1225 2917 1352 2988 melior
1368 2931 1503 2990 mentes
1518 2920 1649 2991 afflarit
1664 2919 1820 3013 Spiritus
1834 2921 1906 3008 ille,

1162 3017 1246 3090 Non
1259 3021 1438 3116 dubiaque
1453 3022 1537 3094 facit
1553 3047 1694 3093 cernere
1709 3023 1786 3092 luce
1800 3019 1929 3094 Deum.

1111 3119 1241 3194 Nonne
1256 3122 1369 3192 minas
1385 3125 1487 3210 audis
1503 3139 1537 3195 et
1551 3149 1696 3216 magnae
1710 3125 1861 3196 fulmina
1876 3127 1975 3196 vocis

1162 3221 1217 3294 Dc
1231 3221 1317 3294 Sina
1333 3223 1484 3296 intentat
1497 3250 1587 3320 quae
1603 3227 1668 3297 tibi
1683 3251 1771 3319 rupe
1790 3226 1935 3298 necem?

836 3358 904 3440 (m.
922 3357 1016 3422 1527·
1025 3349 1061 3446 p)
1112 3321 1217 3396 lrrita
1233 3326 1336 3394 crede
1350 3327 1465 3398 ferent
1482 3351 1557 3397 non
1573 3323 1659 3398 haec
1674 3329 1816 3398 oracula
1831 3329 1941 3415 venti,

842 3453 1057 3488 ww
1162 3425 1245 3498 Non
1260 3420 1345 3498 hinc
1359 3451 1489 3520 parvus
1502 3452 1607 3521 apex,
1632 3445 1694 3502 aut
1706 3431 1813 3499 breve
1826 3430 1899 3501 iota
1914 3432 2016 3524 perit.

1112 3529 1230 3622 thue
1244 3524 1342 3599 Deua
1353 3530 1458 3601 vituli
1475 3531 1627 3600 cultores
1641 3531 1796 3622 perdidit
1808 3531 1906 3615 olim,

1161 3615 1211 3704 Et
1226 3633 1366 3702 turbam
1384 3633 1530 3702 infidam
1546 3633 1709 3723 protinus
1724 3634 1806 3724 igne
1821 3647 1941 3706 necat:

1112 3732 1172 3806 Sic
1185 3731 1283 3801 vitiis
1295 3733 1400 3803 etiam
1416 3734 1548 3805 nostris
1562 3735 1740 3822 irascitur,
1765 3749 1872 3830 atque

1163 3831 1312 3904 Frenari
1326 3849 1461 3906 mentes
1474 3835 1551 3925 lege
1564 3850 1731 3930 metuque
1745 3835 1855 3909 iubet.

1111 3934 1280 4008 Lascivae
1294 3936 1389 4008 Deua
1408 3931 1492 4006 haec
1507 3937 1628 4008 iniecit
1643 3937 1785 4010 vincula
1800 3939 1910 4024 carni,

1161 4034 1345 4128 Deprimat
1361 4051 1402 4110 ut
1418 4038 1512 4111 tristi
1526 4039 1616 4109 colla
1632 4041 1783 4132 superba
1800 4039 1895 4130 iugo.

1111 4137 1265 4210 Addidit
1278 4163 1467 4212 aerumnas
1480 4142 1618 4234 generis
1631 4143 1725 4212 mala
1741 4141 1893 4234 plurima
1909 4140 2036 4228 nostri,
2180 4131 2188 4141 ⁴

1161 4237 1404 4336 Custodesque
1420 4243 1506 4314 istos
1521 4243 1669 4314 carceris
1685 4265 1757 4312 esse
1772 4242 1881 4314 dedit.

1110 4335 1162 4412 At
1177 4341 1308 4435 quibus
1324 4345 1464 4414 incusso
1479 4357 1652 4416 monstrat
1668 4343 1794 4413 delicta
1812 4365 1954 4434 pavore,

1160 4437 1208 4512 Et
1225 4443 1280 4512 lex
1297 4443 1334 4514 in
1351 4468 1475 4538 quassa
1491 4445 1639 4516 vulnera
1653 4457 1769 4516 mente
1781 4445 1877 4520 lacit.

1111 4541 1262 4615 Talibus
1277 4569 1317 4615 ex
1332 4541 1528 4638 Evangelio
1542 4547 1714 4616 medicina
1730 4547 1881 4638 petenda
1898 4561 1960 4635 est,

1160 4641 1340 4718 Admovet
1357 4643 1413 4718 his
1431 4647 1603 4718 medicam
1619 4643 1783 4720 Christus
1797 4648 1921 4741 etipse
1939 4673 2097 4725 manum.

1108 4742 1299 4820 Condonat
1314 4749 1455 4840 culpam
1472 4761 1506 4820 et
1523 4748 1648 4820 solatia
1665 4751 1777 4822 mnlta
1789 4751 1978 4838 malorum,

1158 4845 1261 4944 Eque
1276 4873 1339 4921 suo
1354 4847 1507 4922 effundit
1522 4851 1649 4942 podia
1663 4876 1747 4924 vera
1763 4852 1859 4928 sinu.

1108 4947 1265 5042 Spiritus
1280 4952 1340 5021 ille
1356 4953 1461 5023 etiarn
1479 4953 1588 5044 patris
1601 4955 1766 5048 delapsus
1779 4954 1824 5024 ab
1839 4977 1912 5040 ore,

1160 5050 1283 5124 lnduit
1298 5068 1403 5148 atque
1418 5053 1527 5146 agitat
1543 5056 1691 5126 numine
1706 5055 1812 5126 corda
1827 5077 1934 5126 novo.

1108 5144 1227 5248 thue
1241 5155 1330 5226 solet
1346 5169 1486 5226 teneros
1502 5157 1626 5230 oculos
1641 5157 1782 5227 munire
1797 5156 1924 5242 viator,

1156 5255 1192 5326 A
1206 5269 1306 5348 patre
1319 5281 1385 5328 nos
1399 5280 1538 5328 summo
1551 5257 1600 5330 sic
1614 5260 1718 5328 docet
1732 5257 1794 5328 ille
1809 5257 1894 5348 regi.

1105 5351 1399 5452 languentesque
1413 5360 1552 5430 animos
1565 5373 1705 5429 nostros
1718 5351 1866 5444 invitat,
1887 5373 1929 5432 nt
1940 5358 2059 5434 ausint

1156 5457 1307 5553 Sperare
1321 5461 1361 5532 in
1377 5461 1504 5533 mediis
1517 5484 1654 5532 numen
1666 5463 1787 5533 adesse
1801 5459 1915 5534 matis.
