4686 6172
220 251 297 330 969

215 425 363 502 Utinam
385 423 613 494 moveremur
634 416 759 492 omnes
785 421 998 494 tristissimis
1019 421 1218 494 commina-

214 530 395 614 tionibus,
421 550 509 620 quas
523 550 592 595 vox
611 523 735 596 divina
753 525 1014 599 discordiarum
1031 526 1218 598 autoribus

215 633 385 704 minatur.
437 629 617 722 Scriptum
635 641 688 699 εει
705 642 824 700 autem
850 630 946 722 apud
969 627 1216 700 Salomonem:

215 735 286 810 Sex
309 736 377 804 ista
401 732 480 804 odit
503 730 700 818 Dominus,
734 745 768 802 et
789 733 978 823 septimum
997 731 1216 805 abominatio

217 853 267 910 est
290 838 431 908 animae
455 835 549 916 eius,
582 835 706 904 oculos
721 837 912 928 superbos,
938 834 1097 924 linguam
1114 835 1218 904 falla-

218 965 313 1028 cem,
343 960 469 1010 manus
488 937 710 1010 effundentes
730 939 957 1029 sanguinem,
992 961 1053 1010 cor
1082 931 1217 1006 machi-

216 1069 307 1116 nans
336 1043 500 1126 fraudes,
542 1043 648 1134 pedes
674 1055 903 1133 properantes
932 1043 975 1110 ad
1001 1043 1217 1122 nocendum,

218 1161 341 1220 testem
369 1145 588 1218 mendacem.
657 1143 857 1236 Septimum
887 1168 993 1228 vero,
1034 1145 1128 1238 quod
1166 1156 1219 1214 εει

217 1248 438 1322 abominatio
455 1271 573 1318 coram
589 1247 684 1328 Deo,
712 1260 763 1316 est
776 1247 909 1316 faciens
929 1245 1143 1317 discordiam
1161 1245 1217 1314 in·

90 1353 93 1367 ‘
216 1369 272 1426 ter
301 1353 438 1424 fratres.
516 1345 650 1420 Contra
677 1373 761 1418 vero
794 1349 998 1420 dulcissima
1027 1348 1217 1442 promissio

217 1458 347 1530 tradita
362 1468 415 1525 est
428 1451 489 1533 iis,
517 1453 580 1546 qui
595 1452 773 1544 publicam
790 1453 1018 1522 concordiam
1033 1453 1125 1523 tueri
1142 1466 1224 1546 stu-⁴

217 1563 315 1635 dent.
367 1555 469 1630 Beati
487 1555 642 1648 pacifici,
668 1555 751 1648 quia
766 1555 830 1624 lilii
848 1554 916 1626 Dei
938 1557 1173 1626 vocabuntur.

636 1766 801 1836 Precatio.

320 1909 506 1983 Postremo
529 1907 660 1977 scimus
683 1907 793 1977 vitam
821 1923 855 1979 et
872 1909 1081 2002 sapientiam
1100 1903 1216 1980 homi-

218 2041 305 2088 num
321 2037 398 2084 non
422 2035 493 2082 asse
510 2011 673 2080 foelicem
684 2061 696 2096 ,
723 2011 793 2080 nisi
815 2006 892 2082 Deo
913 2035 978 2081 nos
997 2013 1217 2102 gubernante

217 2135 252 2192 et
282 2119 441 2190 iuvante.
506 2111 670 2208 Cumque
698 2114 970 2184 clementissime
1000 2115 1217 2208 praeceperit

215 2223 331 2306 Deus,
355 2233 397 2294 ut
412 2219 527 2310 ipsum
547 2218 770 2301 invocemus,
804 2231 837 2286 et
852 2217 1025 2287 auxilium
1044 2218 1217 2288 invocan-

215 2325 312 2399 tibus
326 2322 529 2416 promittat‚
555 2319 646 2390 sicut
661 2319 830 2416 scriptum
848 2332 915 2388 est:
940 2317 1055 2398 Petite
1071 2333 1106 2390 et
1124 2320 1216 2390 acci·
1249 2401 1251 2406 ,

216 2425 333 2521 pictis.
376 2419 455 2494 Oro
465 2419 579 2492 Deum
595 2434 777 2491 aeternum
794 2435 929 2512 patrem
939 2419 1087 2492 Domini
1103 2423 1215 2494 nostri

216 2529 298 2604 Iesu
311 2523 467 2611 Christi,
492 2525 715 2596 conditorem
730 2524 823 2596 coeli
838 2538 873 2595 et
888 2539 1020 2610 terrae,
1045 2539 1080 2596 ει
1096 2521 1214 2596 homi-

217 2656 324 2718 num,
349 2655 422 2702 una
436 2653 516 2700 com
532 2627 606 2698 tilio
623 2649 688 2698 suo
707 2641 894 2698 coaeterno
915 2627 1076 2698 Domino
1092 2643 1215 2700 nostro

216 2735 299 2808 lesu
321 2729 483 2816 Christo,
516 2743 551 2800 ει
578 2729 717 2824 Spiritu
740 2755 804 2801 suo
830 2744 971 2816 sancto,
1001 2733 1137 2802 fontem
1158 2755 1215 2802 sa-

217 2837 392 2932 pientiae,
422 2833 583 2906 iusticiae
612 2845 646 2903 et
674 2834 786 2925 pacis,
824 2847 864 2904 ut
890 2845 926 2904 te
950 2835 1142 2922 gubernet,
1175 2859 1215 2904 ac

217 2942 323 3014 faciat
346 2951 380 3009 ιε
403 2959 575 3026 organum
599 2937 753 3006 salutare
773 2949 855 3007 tuae
881 2937 1040 3022 animae,
1073 2951 1108 3008 et
1126 2937 1217 3012 aliis.

216 3043 288 3118 Det
301 3041 409 3114 etiam
422 3039 491 3112 tibi
505 3053 540 3108 et
552 3035 779 3110 charissimae
792 3039 886 3108 filiae
899 3063 998 3110 meae
1010 3039 1214 3131 coniugium

217 3147 372 3218 faustum
389 3157 423 3214 ει
437 3143 562 3228 foelix,
590 3155 773 3212 conservet
789 3142 895 3212 etiam
919 3137 1067 3214 honesta
1087 3143 1217 3230 studia,

218 3275 258 3321 ac
273 3271 413 3340 semper
429 3247 467 3314 in
490 3241 548 3316 his
564 3243 771 3335 regionibus
788 3260 933 3338 propter
956 3245 1070 3316 filium
1088 3245 1216 3318 Domi-

217 3375 306 3422 num
328 3364 490 3421 nostrum
513 3345 630 3419 lesum
653 3343 857 3434 Christum,
889 3362 923 3420 et
939 3372 1098 3440 pereum
1114 3349 1216 3420 colli-

219 3467 279 3546 gat
298 3465 478 3524 aeternam
494 3447 710 3536 Ecclesiam,
726 3543 728 3548 ι
744 3463 779 3521 ει
795 3473 872 3520 earn
889 3452 967 3522 luce
985 3473 1068 3522 suae
1083 3451 1217 3523 doctri-

218 3581 286 3627 nae
317 3567 352 3625 ει
383 3554 523 3647 Spiritu
553 3567 673 3624 sancto
703 3567 818 3643 regat,
856 3568 891 3625 et
931 3568 1092 3645 protegat
1129 3550 1216 3624 haec

217 3655 373 3750 hospitia
398 3655 594 3744 Ecclesiae,
629 3669 773 3748 propter
797 3679 897 3726 suam
922 3658 1092 3746 gloriam,
1126 3659 1216 3729 sicut

218 3761 356 3856 inquit:
389 3759 541 3854 Propter
564 3783 639 3846 me,
665 3772 812 3852 propter
835 3783 892 3829 me
915 3761 1061 3846 faciam,
1087 3775 1215 3832 utnon

218 3857 457 3956 blasphemer.

321 4010 381 4088 Ah
404 4003 557 4086 Domine
576 4013 657 4085 lesu
674 4009 834 4098 Christe,
852 4014 910 4084 -lili
925 4014 993 4086 Dei
1016 4016 1107 4102 vivi,
1134 4039 1216 4085 cru-

219 4122 320 4194 cifixe
343 4117 537 4213 pronubis
566 4131 600 4192 et
629 4117 851 4202 resuscitate,
881 4117 974 4188 sicut
996 4132 1155 4208 precatus
1180 4141 1217 4188 es

219 4249 285 4319 pro
313 4221 438 4303 nobis,
477 4235 513 4292 ει
534 4243 674 4312 semper
703 4215 797 4289 hanc
825 4220 1064 4311 precationem
1097 4245 1215 4290 coram

219 4340 362 4400 aeterno
378 4337 477 4417 patre
490 4325 639 4395 recitas·
668 4319 793 4408 Pater,
809 4321 985 4393 sanctifica
999 4345 1057 4393 eos
1073 4323 1112 4392 in
1122 4323 1215 4394 veri-

218 4445 290 4504 tate
305 4441 377 4500 tua.
430 4425 502 4496 Fae
523 4442 566 4498 ut
585 4449 697 4495 rsuram
715 4425 787 4496 sint
807 4425 845 4494 in
862 4427 986 4506 nobis,
1012 4426 1057 4496 sit
1072 4427 1215 4498 dilectio

219 4547 281 4606 tua
297 4532 336 4602 in
358 4530 425 4615 eis,
452 4552 521 4622 qua
545 4554 602 4600 me
624 4527 761 4619 diligis,
782 4541 816 4599 te
832 4553 917 4611 oro,
942 4541 983 4598 ut
999 4535 1215 4621 semper'tua

219 4633 472 4708 intercessione
496 4656 562 4702 nos
586 4633 703 4714 iuves,
736 4645 770 4701 et
795 4632 960 4722 colligas,
993 4647 1030 4729 q
1053 4646 1216 4724 protegas

220 4759 359 4828 semper
381 4736 474 4806 inter
492 4759 559 4806 nos
572 4727 787 4820 Ecclesiam,
815 4749 850 4806 ει
864 4758 931 4804 nos
946 4735 986 4804 in
1003 4759 1044 4806 ea
1060 4737 1217 4806 clemen-

222 4855 278 4912 ter
290 4862 416 4910 serves.
450 4835 579 4911 Amen.
629 4833 725 4907 Dixi.
789 4831 790 4834 ’

224 5093 1011 5112 m-m—ffl-——m-—a-q-Q--a—
1024 5097 1055 5108 ,η-
1065 5097 1211 5106 ...ι--ι--ιι

232 5275 301 5345 Νο.
326 5271 390 5346 27.

229 5369 401 5400 Μ

291 5483 324 5536 lo
338 5479 450 5552 Quaen.
468 5481 501 5538 ab
520 5481 612 5538 Ebero
629 5482 707 5540 editis
727 5503 754 5558 p.
773 5483 858 5540 tttb.

977 5282 1028 5349 16.
1036 5280 1113 5344 Maii
1123 5282 1217 5348 1553.

997 5374 1210 5412 m

712 243 1023 340 auronum
1052 244 1129 322 nr
1161 243 1393 326 anavus
1425 247 1774 332 conciones

2195 252 2272 330 960

1268 429 1398 500 Oratio
1430 431 1597 502 recitato
1630 448 1656 500 u
1689 427 1801 502 Doot.
1838 383 2116 504 Tilemossoo
2152 431 2274 500 Hes·

1305 527 1469 621 basio,
1509 533 1752 620 Wesolienst,
1777 531 1815 604 d.
1835 529 1897 608 lii·
1912 534 2013 606 Moli
2031 553 2096 606 aa.
2117 528 2234 608 lost.

1267 681 1361 770 Non
1375 698 1525 770 dubium
1542 713 1594 771 εει
1613 699 1788 790 singulari
1805 697 1955 772 consilio
1972 697 2041 771 Dei
2057 699 2097 772 in
2110 695 2273 774 Ecclesia

1269 802 1500 874 constitutum
1518 825 1611 890 esse,
1637 827 1683 874 ne
1707 803 1773 872 ulli
1788 803 2024 875 admittantur
2041 805 2088 874 ad
2102 799 2274 896 Evange-

1269 903 1310 972 lii
1326 903 1583 992 ministerium,
1615 906 1685 975 nisi
1708 909 1896 998 praecedat
1912 905 2109 1000 exploratio
2128 932 2273 979 morum

1269 1021 1303 1079 et
1323 1009 1516 1082 doctrinae.
1578 1003 1632 1078 Ac
1648 1009 1846 1102 optandum
1868 1023 1943 1080 crat
1959 1035 2038 1082 earn
2054 1011 2274 1108 exploratio·

1268 1135 1351 1180 nem
1385 1113 1638 1202 gubernatores
1676 1113 1767 1182 serio
1803 1135 1948 1196 curare,
1990 1113 2029 1184 in
2065 1109 2275 1184 Academiis

1269 1216 1469 1308 exemplum
1483 1215 1612 1286 vetusti
1630 1213 1739 1284 moris
1755 1215 1947 1302 retinetur,
1970 1240 2052 1286 cum
2068 1217 2217 1310 publice
2235 1218 2275 1288 in

1268 1341 1396 1407 magna
1430 1317 1627 1410 frequentia
1660 1317 1840 1408 disputare
1873 1331 1909 1394 ει
1944 1319 2061 1390 dicere
2096 1319 2274 1408 cogimur.

1269 1417 1361 1492 Cum
1387 1419 1497 1510 igitur
1523 1422 1661 1506 deceat,
1692 1445 1748 1490 me
1774 1445 1849 1490 non
1872 1421 2039 1514 defugere
2055 1422 2276 1514 exploratio-

1270 1547 1373 1609 nem,
1401 1523 1465 1592 etsi
1480 1547 1555 1593 mea
1572 1521 1762 1596 infirmitas
1779 1519 1870 1594 mihi
1889 1548 1964 1594 non
1982 1524 2104 1615 ignota
2120 1541 2197 1610 εει,
2223 1541 2275 1598 ta-

1270 1651 1352 1695 men
1369 1650 1443 1696 non
1461 1627 1621 1697 recusavi
1636 1639 1671 1695 et
1686 1625 1893 1718 disputare,
1913 1639 1947 1696 ει
1962 1621 2127 1698 hocloco
2144 1629 2271 1703 dicere.

1269 1727 1347 1799 Hac
1367 1743 1485 1800 autem
1508 1753 1566 1798 me
1587 1729 1829 1800 consolatione
1851 1729 2040 1811 confirmo,
2067 1733 2171 1826 quod
2189 1735 2271 1802 scri·

1270 1845 1369 1924 ptum
1385 1846 1452 1902 est:
1480 1857 1521 1901 ex
1538 1855 1599 1902 ore
1613 1833 1805 1902 infantium
1821 1845 1855 1902 ει
1870 1833 2076 1904 lactentium
2093 1835 2266 1926 perfecisti

1269 1935 1424 2009 laudem.
1495 1931 1589 2004 Vere
1619 1957 1742 2007 sumus
1773 1933 1941 2006 infantuli
1976 1959 2115 2006 omnes.
2193 1935 2258 2008 lion

1270 2051 1386 2132 potest
1410 2037 1505 2108 enim
1532 2037 1674 2130 penitus
1699 2062 1843 2106 cernere
1865 2035 1980 2110 Deum
2004 2037 2119 2108 ullius
2134 2055 2266 2112 creato-

1268 2165 1329 2212 rae
1346 2141 1530 2232 sapientia.
1582 2139 1652 2212 Sed
1668 2163 1812 2232 agamus
1828 2141 1958 2230 gratias
1975 2138 2076 2227 Deo,
2103 2145 2207 2235 quod
2223 2157 2269 2214 ta·

1268 2267 1351 2312 men
1368 2257 1402 2312 ει
1417 2245 1585 2313 lactentes
1600 2267 1723 2316 sumus
1736 2243 1990 2334 acplantolae,
2016 2267 2111 2338 quae
2124 2246 2271 2318 aluntur

1269 2345 1359 2416 lacte
1374 2359 1409 2414 et
1423 2346 1550 2415 rivulis
1566 2345 1760 2438 sapientiae
1775 2345 1861 2431 Dei,
1886 2361 1927 2418 ut
1941 2347 2060 2440 aliqua
2077 2346 2119 2415 in
2136 2365 2271 2419 creatu-

1269 2449 1319 2517 ris
1334 2471 1416 2518 vera
1429 2446 1505 2518 'Dei'
1515 2449 1647 2518 noticia
1664 2450 1790 2522 luceat.
1842 2443 1923 2519 Oro
1937 2449 2047 2539 igitur
2061 2449 2183 2520 filium
2196 2449 2270 2538 Dei,

1268 2551 1465 2622 Dominum
1498 2565 1662 2623 nostrum
1699 2551 1814 2624 lesum
1837 2547 2045 2638 Christum,
2088 2567 2133 2624 ut
2155 2579 2210 2623 me
2234 2570 2267 2626 et

1269 2655 1359 2724 alios
1374 2655 1517 2736 doceat,
1544 2669 1579 2726 et
1592 2655 1782 2746 gubernet,
1807 2668 1842 2726 et
1854 2656 1962 2726 faciat
1976 2677 2034 2724 me
2050 2678 2117 2726 vas
2134 2657 2266 2727 miseri-

1268 2756 1429 2843 cordiae,
1468 2771 1503 2827 et
1524 2781 1697 2848 organum
1725 2757 1878 2827 salutare
1900 2754 2081 2828 Ecclesiae
2111 2772 2153 2830 et
2178 2783 2271 2832 meae

1268 2860 1418 2933 animae.
1469 2857 1632 2955 Cumque
1654 2856 1713 2929 hic
1728 2883 1867 2931 necesse
1881 2862 1929 2932 sit
1944 2885 2002 2930 me
2017 2860 2165 2955 aliquid
2182 2865 2273 2934 dice-

1268 2987 1326 3047 re,
1352 2962 1450 3034 iuxta
1463 2985 1598 3032 morem
1616 2960 1910 3050 Academiarum,
1937 2987 2010 3057 quo
2026 2963 2066 3034 lit
2084 2965 2272 3038 doctrinae

1269 3065 1484 3157 exploratio,
1510 3065 1626 3135 dicam
1650 3066 1788 3160 aliquid
1805 3067 1851 3136 de
1868 3061 1935 3138 hac
1957 3065 2177 3139 admiranda
2193 3094 2272 3140 nar-

1269 3168 1406 3239 ratione
1430 3169 1470 3237 iu
1494 3163 1669 3238 Iohanne:
1704 3165 1760 3236 Et
1780 3165 1925 3240 verbum
1943 3191 2030 3240 caro
2038 3165 2201 3270 sactum
2217 3181 2273 3244 est.

1268 3267 1347 3342 Etsi
1372 3271 1469 3340 enim
1493 3272 1648 3344 brevitas
1675 3273 1847 3368 temporis
1872 3297 1949 3342 non
1969 3275 2084 3345 multa
2106 3279 2273 3348 coneedit

1269 3374 1405 3458 dicere,
1430 3387 1550 3443 tamen
1566 3399 1646 3444 curn
1662 3370 1768 3445 huius
1781 3389 1901 3446 tantae
1915 3376 1968 3446 rei
1983 3375 2157 3467 cogitatio
2172 3403 2272 3474 saepe

1268 3477 1459 3568 repetenda
1484 3478 1548 3557 sit,
1582 3500 1680 3546 nunc
1703 3501 1847 3574 quoque
1869 3493 1966 3570 grata
1993 3479 2039 3550 sit
2066 3474 2161 3552 haec
2177 3507 2272 3554 com-

1270 3579 1486 3650 memoratio.
1547 3577 1655 3649 Nulla
1671 3595 1764 3650 aetas
1784 3582 1870 3651 satis
1885 3583 1993 3672 longa
2008 3595 2060 3654 est
2075 3585 2124 3654 ad
2139 3581 2267 3654 exhau-

1269 3683 1430 3752 riendam
1449 3681 1667 3768 doctrinam,
1687 3707 1777 3777 quae
1793 3684 1833 3752 in
1847 3679 1914 3755 hoc
1930 3685 2025 3755 dicto
2041 3687 2266 3780 proponitur.

1268 3783 1339 3856 Sed
1364 3785 1403 3854 in
1428 3781 1583 3855 Ecclesia
1607 3787 1748 3858 coelesti
1777 3787 1815 3854 in
1839 3800 1912 3858 tota
1934 3788 2149 3860 aeternitate
2178 3785 2270 3860 hanc

1268 3887 1475 3979 sapientiam
1499 3887 1686 3962 discemus.
1742 3884 1790 3958 Et
1806 3903 1926 3960 tamen
1944 3891 2021 3960 vult
2036 3887 2139 3962 Deus
2157 3893 2271 3978 initia,

1269 4005 1303 4062 et
1316 3990 1418 4084 quasi
1442 3990 1555 4081 prima
1573 3986 1759 4062 Elementa
1776 3992 1866 4062 disci
1883 3993 1922 4062 in
1938 3987 2005 4062 hac
2020 3995 2171 4066 mortali
2188 3997 2271 4082 vita,

1268 4095 1347 4163 vult
1370 4117 1437 4162 nos
1458 4095 1503 4163 de
1525 4093 1600 4162 lilio
1625 4108 1729 4164 testes
1747 4119 1821 4165 esse
1847 4109 1969 4165 contra
1988 4097 2169 4166 maliciam
2194 4099 2270 4168 dia-

1269 4197 1453 4282 bolorum,
1478 4210 1512 4266 et
1532 4210 1655 4266 contra
1671 4219 1804 4288 organa
1827 4221 1972 4284 eorum,
1997 4198 2168 4270 videlicet
2182 4224 2269 4272 con·

1269 4313 1323 4369 tra
1337 4323 1479 4384 omnes,
1507 4299 1570 4392 qui
1595 4299 1709 4368 filium
1732 4315 1986 4391 aspernantur,
2012 4325 2053 4370 ac
2069 4303 2269 4396 praecipue,

1269 4402 1331 4494 qni
1348 4401 1542 4472 contrarias
1566 4401 1755 4492 religiones
1778 4403 2118 4492 comminiscuntur,
2143 4421 2268 4478 contra

1268 4499 1460 4588 Ethnicos,
1490 4501 1715 4588 Haereticos,
1749 4500 2022 4578 Mahometistas
2045 4521 2080 4580 et
2096 4505 2268 4601 Papistas.

1267 4603 1360 4677 Cum
1393 4621 1511 4677 autem
1541 4606 1652 4677 simus
1682 4606 1872 4690 infantuli,
1903 4610 2060 4700 primurn
2079 4611 2269 4682 vocabula

1269 4709 1455 4784 discamus.
1514 4706 1661 4780 Certum
1682 4723 1734 4781 est
1760 4703 1874 4810 λόγον
1895 4707 1954 4782 hic
1975 4711 2129 4803 intelligi
2154 4714 2267 4784 filium

1268 4812 1357 4898 Dei,
1386 4813 1449 4906 qui
1465 4825 1517 4883 εει
1533 4826 1718 4883 coaeterna
1743 4813 1860 4904 imago
1877 4812 2011 4898 Patris,
2036 4839 2103 4885 nec
2118 4831 2173 4888 est
2186 4840 2267 4886 um·

1268 4916 1332 4984 bra
1350 4938 1580 5000 evanescens,
1603 4916 1663 4984 sed
1679 4939 1848 5004 persona,
1874 4941 1936 4988 seu
1950 4931 1989 4988 ut
2004 4918 2135 4987 rectius
2151 4917 2268 4989 Grae·

1269 5017 1301 5087 ci
1317 5017 1460 5102 dicunt,
1486 5011 1821 5113 εειῦφιστάμενον.
1872 5018 1942 5090 Sed
1959 5020 2092 5090 mirum
2107 5036 2180 5106 est,
2206 5045 2269 5094 cur

1269 5113 1355 5190 haec
1371 5145 1520 5213 persona
1540 5121 1748 5192 nominetur
1768 5113 1886 5222 loyor.
1948 5117 2118 5214 Optarim
2133 5139 2269 5195 veteres

1268 5223 1306 5291 in
1322 5217 1389 5293 hac
1406 5223 1639 5316 explicatione
1652 5224 1761 5294 fuisse
1778 5223 2003 5318 copiosiores.
2055 5221 2215 5297 Basilius
2235 5239 2267 5298 et

1268 5321 1491 5416 Augustinus
1505 5339 1643 5398 tantum
1656 5321 1729 5398 hoc
1746 5327 1890 5398 dicunt:
1913 5323 2135 5400 Nominatur
2152 5323 2267 5432 λόγος,

1268 5429 1350 5524 quia
1363 5429 1577 5519 cogitatione
1593 5429 1762 5504 nascitur.
1801 5429 1909 5537 Datur
1925 5431 2107 5500 enimsese
2124 5431 2268 5505 intuens
2340 5455 2341 5528 i
