4666 6170
237 309 310 388 ras
599 295 858 386 s'ctttt‘ra
891 301 968 387 An
1003 295 1198 386 vtratu
1230 303 1305 384 ΕΤ
1340 305 1579 384 onlrun
1614 301 1916 383 MELANTH.
2195 311 2261 387 aaa

240 481 498 574 congressibus,
521 498 554 554 et
568 507 752 578 nunquam
767 498 887 555 tamen
901 487 1022 556 animo
1038 484 1235 556 succubuit.
1259 485 1264 543 l
1287 496 1447 553 senatum
1468 476 1562 550 redit
1585 475 1692 550 hilari
1715 479 1827 554 vultu.
1878 479 2019 573 Excipit
2040 503 2119 551 enm
2140 479 2262 554 Lntbe·

240 586 406 677 Longum
421 589 610 657 vcroforet
623 589 743 657 omnia
760 582 846 658 haec
862 589 901 656 in
924 588 1121 680 praesentia
1138 609 1237 656 eom·
1260 551 1264 652 l
1287 609 1367 670 rus,
1396 582 1495 672 Quid
1520 585 1586 653 tibi
1601 579 1768 676 Philipps
1793 583 1935 669 accidit,
1957 585 2093 677 inquit,
2118 588 2206 678 quod
2220 587 2260 658 ita

244 712 453 764 memorare.
586 729 590 732 ·
991 695 994 702 ’
1287 683 1412 756 hilaris
1436 687 1480 755 ad
1505 709 1571 756 nos
1594 688 1707 771 redis,
1733 687 1795 780 qni
1821 689 1927 778 paulo
1945 699 2026 756 ante
2043 687 2174 756 tristior
2188 682 2261 758 hinc

347 789 401 860 De
426 815 498 860 nno
523 786 641 860 adhuc
664 813 869 883 congressu,
895 793 957 886 qui
983 793 1076 861 inter
1097 803 1238 860 nostros
1261 819 1265 892 ξ
1289 790 1423 872 exibas,
1457 791 1647 879 respondet
1676 789 1753 872 ille,
1786 813 1832 857 ne
1856 791 1965 859 simus
1994 789 2113 858 animo
2136 791 2262 880 pusillo,

245 892 333 978 luit,
358 917 466 985 pauca
483 895 655 986 quaedam
679 897 812 979 dicans,
838 909 873 964 et
889 895 1029 964 veniam
1052 889 1144 963 mihi
1162 891 1239 962 dari
1262 909 1267 988 t
1289 890 1457 974 Domini,
1482 891 1551 960 iarn
1577 893 1672 959 enim
1689 891 1764 960 vidi
1786 915 1847 960 eos
1862 892 1925 985 qni
1940 915 2006 983 pro
2024 891 2127 960 nobis
2142 915 2262 982 pogna-

245 1010 327 1090 peto
354 997 537 1086 repetendi
565 1019 662 1064 nnnc
685 1000 730 1067 de
754 991 900 1067 bomine
923 998 1103 1067 carissimo
1128 996 1265 1064 mortel
1289 993 1361 1063 turi
1384 1007 1484 1075 sunt,
1509 993 1573 1085 qui
1597 1015 1662 1063 nos
1679 993 1890 1079 defendent,
1913 993 2046 1086 quique
2067 1007 2185 1064 contra
2201 995 2261 1062 tim

248 1112 387 1187 erepto,
413 1121 471 1183 ea,
499 1118 589 1191 quae
613 1098 687 1189 ipse
704 1099 805 1168 vivus
824 1100 928 1169 nobis
945 1099 1149 1168 dulcissimo
1168 1119 1242 1165 ser·
1290 1119 1433 1165 omnem
1457 1094 1584 1165 invicti
1608 1111 1714 1167 erunt
1731 1109 1764 1165 ct
1786 1097 1993 1166 manebunt.
2045 1092 2189 1182 Quaerit
2202 1094 2262 1166 Lu-

248 1223 354 1268 roone
370 1200 502 1270 reterre
517 1199 662 1275 solebat.
704 1199 792 1272 Erat
807 1202 906 1270 iussn
923 1201 1133 1292 Principum
1147 1197 1242 1268 'l‘or-
1291 1194 1431 1282 theros,
1453 1197 1599 1291 quinam
1614 1213 1699 1268 sunt
1713 1194 1751 1267 hi
1769 1211 1838 1267 tam
1860 1200 1968 1268 sortes
1981 1201 2105 1281 doces,
2129 1223 2166 1265 ac
2180 1197 2261 1266 mili-

249 1327 313 1392 gae
330 1303 367 1368 in
384 1299 490 1372 (torno
507 1299 677 1390 Parochi,
704 1304 864 1373 instituta
881 1305 975 1373 inter
988 1303 1159 1373 Doctores
1175 1325 1242 1369 no·
1291 1315 1358 1372 tes:
1385 1294 1628 1369 Parochorum
1651 1315 1854 1370 nostrorum
1879 1315 1913 1371 et
1929 1297 2167 1370 Diaconorurn
2188 1323 2261 1368 nro-

249 1420 403 1474 strarum
420 1401 660 1473 Ecclesiarum
685 1406 871 1496 primarios
890 1406 1097 1476 deliberatio
1113 1402 1243 1472 diffid-
1291 1423 1363 1486 res,
1388 1401 1507 1494 inquit
1523 1395 1730 1494 Philippus,
1756 1417 1789 1472 et
1813 1404 1953 1492 parvuli
1979 1401 2103 1486 liberi,
2128 1425 2260 1493 qnorum

249 1507 348 1579 lima.
401 1505 609 1577 Adversarii
631 1509 726 1576 enim
753 1521 839 1578 tnnc
864 1493 952 1600 pene’
974 1505 1096 1596 iugulo
1120 1519 1242 1574 nostro
1292 1527 1413 1596 preces
1427 1504 1498 1572 iam
1514 1505 1655 1590 audiri,
1682 1529 1769 1598 qnas
1786 1504 1882 1574 Dens
1898 1529 1972 1574 non
1988 1517 2040 1573 est
2054 1504 2168 1596 surdis
2181 1502 2261 1570 auri-

135 1623 137 1628 “
249 1610 385 1678 ferrum
408 1609 646 1680 admovebant
672 1625 707 1679 et
730 1612 892 1700 superior
916 1623 1086 1699 potestas,
1111 1629 1244 1700 pacem,
1293 1611 1359 1676 bns
1377 1607 1575 1678 auditurus.
1621 1607 1742 1700 Neque
1758 1629 1815 1676 eas
1831 1603 1948 1676 adhoc
1964 1606 2118 1696 neglexit
2130 1607 2264 1696 optimus

253 1709 486 1803 quamtoties
511 1713 625 1782 nostri
653 1713 828 1802 supplices
860 1715 1059 1804 petiverant
1087 1711 1125 1778 in
1152 1710 1243 1778 libra
1293 1707 1398 1777 Pater
1419 1707 1568 1778 Domini
1591 1711 1704 1779 nostri
1730 1708 1809 1780 lesu
1829 1705 1981 1794 Christi,
2009 1733 2076 1778 nec
2097 1731 2212 1799 porro,
2233 1719 2264 1775 ut

255 1813 428 1898 aurificis,
453 1825 493 1882 nt
508 1816 652 1907 qnidam
668 1828 848 1904 praestans
862 1827 895 1884 et
909 1837 1059 1903 magnus
1075 1813 1129 1882 vir
1144 1811 1245 1896 dixit,
1293 1834 1495 1901 speramns,
1521 1812 1685 1901 negliget.
1721 1809 1913 1904 ‘Exceptus
1927 1813 1985 1880 hic
2007 1835 2125 1880 sermo
2148 1824 2211 1894 est,
2232 1821 2264 1877 ut

235 1915 359 1984 ¹nobis
381 1915 659 2000 admetiebatur,
691 1915 875 2010 nostrique
896 1915 1096 2007 Principes,
1128 1928 1163 1984 et
1182 1913 1245 2005 qui
1293 1913 1377 1981 felix
1398 1927 1432 1984 et
1455 1913 1611 1984 faustum
1633 1939 1760 2000 omen,
1785 1928 1818 1984 et
1841 1915 1911 1984 iam
1925 1913 2059 1986 animis
2074 1911 2178 2002 magis
2194 1935 2263 1980 con·

256 2015 431 2086 docebant
469 2041 542 2086 non
584 2017 655 2086 levi
696 2019 739 2087 de
781 2041 882 2088 cansa
918 2017 1245 2088 commovebantur.
1293 2015 1445 2099 firmati,
1474 2028 1635 2088 statuunt
1651 2017 1693 2086 id
1709 2019 1805 2110 quod
1823 2018 1901 2108 pios
1922 2032 1954 2086 et
1972 2029 2170 2088 constantes
2182 2013 2262 2082 verbi

254 2118 482 2209 Quapropter
505 2115 548 2188 D.
564 2117 745 2188 Martinus
768 2133 805 2189 et
819 2121 881 2190 alii
905 2121 1051 2214 quidam
1071 2120 1246 2201 docentes,
1296 2116 1411 2185 divini
1434 2114 1599 2188 Doctoris
1622 2121 1786 2204 decebat,
1813 2133 1847 2189 et
1869 2121 1959 2190 illud
1984 2119 2145 2211 ipsorum
2165 2115 2260 2186 consi-

256 2217 411 2309 'Porgam
428 2221 734 2306 convocabantur,
758 2221 822 2292 nbi
835 2236 921 2292 tunc
938 2222 1018 2292 aula
1033 2235 1125 2300 erat,
1150 2220 1247 2289 utin
1295 2218 1404 2302 lium,
1428 2219 1597 2290 beneficio
1615 2219 1682 2290 Dei
1704 2222 1855 2291 salutare
1875 2224 1942 2292 snit
1958 2217 2146 2300 Ecclesiis,
2169 2232 2196 2288 et
2210 2220 2259 2284 ad-

255 2325 412 2391 medinm
432 2323 667 2402 consulerent,
692 2323 779 2415 quid
792 2324 880 2408 lieri,
907 2325 963 2392 vel
981 2347 1055 2392 non
1072 2311 1246 2412 fieripos-
1295 2319 1501 2406 flictionem,
1518 2347 1607 2416 quac
1621 2324 1839 2404 imminebat,
1857 2323 1953 2394 Dens
1968 2324 2159 2392 clementer
2171 2318 2260 2388 leniit.

257 2438 320 2494 set.
368 2421 580 2494 Existiment
595 2424 666 2494 iam
680 2425 736 2494 illi
748 2423 898 2512 Herob’s,
924 2427 985 2518 qui
1002 2447 1099 2495 nunc
1116 2423 1154 2492 in
1170 2436 1246 2493 tuto
1295 2419 1439 2492 Possem
1456 2423 1524 2493 alia
1541 2426 1652 2495 multa
1668 2451 1959 2510 continemorare,
1986 2451 2080 2520 qnae
2097 2425 2257 2494 ostendunt

257 2529 390 2595 seroces
421 2539 523 2607 snut,
554 2521 618 2619 qui
645 2541 729 2596 tunc
758 2527 862 2618 Agon
889 2529 1101 2599 constitutus
1131 2525 1248 2596 fucrit.
1296 2527 1401 2594 etiam
1417 2524 1499 2595 vivo
1516 2522 1687 2613 Luthero,
1708 2523 1917 2620 Philippum
1932 2530 2069 2598 nostris
2083 2525 2261 2618 neutiquam

258 2627 349 2696 Nam
366 2642 406 2698 ut
420 2631 465 2697 de
478 2629 585 2697 minis
601 2643 744 2715 taceam,
770 2645 916 2702 conatus
930 2645 1023 2702 certe
1039 2646 1074 2700 et
1089 2627 1248 2698 molitio·
1297 2629 1477 2697 metuendi
1496 2643 1673 2714 autorem,
1699 2634 1760 2699 sed
1779 2637 1822 2700 ad
1848 2631 2017 2700 fiduciam
2042 2630 2081 2700 in
2097 2623 2224 2700 Christo
2238 2636 2262 2692 et

255 2754 320 2799 nes
334 2730 616 2826 adversariorum
633 2733 807 2802 eiusmodi
823 2747 942 2818 erant,
965 2756 1076 2826 eaque
1092 2731 1247 2821 pericula
1297 2732 1528 2801 constantiam
1545 2757 1682 2826 semper
1696 2727 1914 2803 hortatorem
1929 2735 2051 2804 fuisse.

257 2834 362 2902 nobis
381 2835 652 2924 impendebant,
678 2859 768 2928 qnae
784 2859 889 2904 nemo
907 2858 1014 2904 sanus
1036 2833 1138 2902 facile
1161 2855 1247 2901 con-

614 2933 629 2956 ,
904 2938 913 2953 ,
980 2937 988 2953 ,
1039 2936 1048 2951 ,
1177 2935 1184 2950 ,
1361 2861 1553 2946 Pernen,
1588 2891 1667 2936 cum
1693 2869 1787 2936 idem
1816 2870 2017 2961 loquuntur
2038 2867 2153 2938 omnia
2175 2863 2263 2954 ipsius

258 2950 416 3004 temnere
431 2948 559 3024 imm·
599 2937 732 3006 (mmm
746 2961 835 3028 ΨΜ
849 2951 915 3007 ²¹⁵¹
928 2935 1111 3026 Pr¹¹¹⁰¹P⁰⁵
1127 2957 1247 3052 amm?
1295 2965 1446 3055 scripta,
1472 2969 1619 3039 fortasse
1640 2993 1936 3060 supervacaneum
1956 2972 2121 3040 videatur
2140 2964 2190 3038 bis
2212 2963 2263 3030 in·

225 3081 232 3090 ·
260 3038 606 3154 Vldefflfllufmibffl‘
625 3055 730 3132 at‘1¹¹⁸
745 3039 895 3157 iniiam
913 3061 1006 3157 ⁰⁵⁸&
1028 3052 1146 3108 limen
1164 3059 1246 3154 ‘lma
1296 3071 1440 3142 morari.
1500 3069 1608 3159 Quod
1634 3089 1751 3143 antem
1771 3073 1886 3142 lenior
1908 3089 2038 3144 natura
2062 3086 2097 3160 et
2118 3066 2263 3162 placidior

259 3140 303 3208 ad
325 3138 459 3258 malm·
479 3141 676 3258 Pesffflluffl
700 3143 918 3233 Pellffl‘bflla
945 3155 1249 3260 q¹1¹¹¹⁰J¹P³f¹¹⁰f
1296 3171 1384 3256 luit,
1409 3197 1475 3242 nec
1491 3187 1663 3267 quantum
1686 3176 1795 3268 aliqui
1813 3176 1944 3244 vellent
1965 3177 2196 3246 tumultuatus
2217 3181 2260 3244 cst,

256 3265 386 3358 (1ξῦῐὶθῦ
402 3263 554 3310 ³¹³¹ffl⁰⁸¹
570 3258 686 3360 {finis
712 3257 887 3362 ⁸²J⁰³ii¹¹³
904 3257 1047 3363 Vf¹⁵l¹l³⁵
1062 3265 1248 3311 ¹m¹¹¹¹¹¹⁶f⁰
1297 3297 1378 3342 cnm
1392 3288 1509 3344 tamen
1525 3279 1677 3345 eundem
1699 3303 1859 3356 cursum,
1886 3278 2165 3348 constantissime
2182 3291 2262 3358 urge·

257 3345 464 3426 radebatur,
490 3367 609 3434 paucrs
624 3347 855 3428 docentibus,
877 3371 940 3440 qur
954 3347 1119 3431 aderant,
1145 3345 1247 3413 valde
1297 3389 1370 3460 ret,
1392 3377 1430 3446 id
1450 3378 1547 3446 laudi
1571 3380 1689 3468 popius
1710 3405 1816 3472 qum
1833 3379 1921 3450 vifis,
1944 3374 2264 3462 ,rigmathomjnes

259 3445 413 3514 difficilis
436 3446 648 3517 consultatio
673 3450 852 3538 proposita
875 3461 959 3518 erat.
1011 3446 1117 3518 Sedet
1140 3447 1248 3566 igitur
1297 3481 1466 3559 modam
1493 3494 1527 3548 et
1550 3483 1594 3549 de
1616 3482 1680 3550 5110
1704 3484 1846 3574 quidem
1871 3498 2078 3554 nostrorum
2101 3495 2263 3568 congressu

258 3561 442 3638 pauperet
461 3571 653 3637 paucorum
667 3549 835 3635 Senatus,
857 3575 877 3620 a
893 3551 969 3620 solo
985 3546 1062 3620 Deo
1076 3551 1246 3619 auxilinm
1298 3576 1383 3650 haec
1398 3582 1527 3651 dixisse
1541 3583 1624 3652 sads
1640 3585 1696 3659 sit.

258 3673 381 3734 orans,
408 3673 569 3740 sperans,
595 3665 629 3720 et
644 3666 840 3742 expectans.
893 3651 1055 3720 Tandem
1073 3665 1149 3743 post
1165 3675 1248 3742 pre-

258 3775 313 3820 ces
329 3767 363 3821 et
382 3755 467 3821 satis
487 3752 635 3843 longum
652 3755 892 3848 colloquium,
916 3750 1104 3845 Philippus
1122 3750 1245 3822 delali-

257 3867 358 3942 gatos
372 3869 406 3923 et
421 3869 574 3923 moestus
589 3855 719 3944 surgit,
745 3871 819 3925 erat
842 3855 936 3924 enim
961 3853 1105 3947 paulum
1123 3879 1247 3924 evoca-

254 3970 311 4024 tus
328 3956 461 4025 nuncio
476 3958 630 4048 quodam
646 3957 910 4048 interpellante,
937 3983 1007 4052 qno
1025 3957 1181 4042 dimisso,
1207 3959 1245 4026 in

252 4058 370 4128 reditu
386 4059 586 4146 ingreditur
597 4058 774 4145 conclave,
798 4063 838 4128 in
852 4086 923 4152 quo
940 4085 1009 4129 nna
1026 4076 1126 4132 erant
1137 4060 1243 4130 mise-

253 4181 313 4228 rae
328 4161 575 4246 mulierculae,
601 4156 753 4230 Parocbi
777 4175 812 4232 et
832 4165 985 4232 durarum
1003 4159 1244 4231 Diaconorum
1718 4232 1726 4248 ,

253 4264 421 4353 coniuges
438 4287 477 4332 ac
492 4261 632 4352 parvuli
650 4263 772 4344 liberi,
794 4287 947 4357 quornm
965 4263 1027 4333 alii
1044 4265 1115 4333 iarn
1132 4287 1243 4333 mam·
1295 4229 1480 4319 pu⁸c¹¹¹⁰¹⁰
1506 4243 1603 4300 [ΜΟ
1627 4255 1727 4300 ⁰⁰⁰¹*
1750 4255 1789 4298 ⁵¹¹

253 4385 348 4432 anana
371 4367 560 4455 cogebant,
590 4365 652 4434 alii
679 4391 698 4435 a
719 4368 893 4437 matribus
915 4389 1035 4456 preces
1057 4367 1243 4436 recitantes
1370 4435 1379 4452 ,
1478 4436 1499 4450 ,,

253 4467 502 4538 audiebantur.
560 4465 689 4538 Adstat
705 4483 738 4537 et
759 4467 859 4538 audit
879 4465 1067 4561 Philippus
1083 4493 1162 4538 curu
1179 4473 1243 4538 ad·
1293 4435 1380 4504 b⁰¹¹¹
1397 4461 1435 4504 “⁶
1452 4459 1511 4525 ΡΗ·

235 4568 442 4640 ,miratione
473 4583 508 4638 et
537 4592 664 4657 magna
695 4571 946 4658 delectatione,
980 4573 1071 4644 sicut
1095 4571 1241 4655 solebat,
1392 4565 1448 4640 Ex
1464 4563 1520 4638 bis
1534 4569 1796 4658 congressibus,
1824 4570 2017 4640 demumst
2035 4571 2078 4638 ad
2098 4557 2263 4637 scholasti·

237 4692 442 4758 ⁴puerorum
469 4671 705 4741 balbntientes
729 4695 865 4763 preces,
889 4697 1025 4742 arremor
1050 4673 1154 4743 dicti:
1187 4671 1240 4743 Far
1292 4695 1367 4758 cos,
1391 4695 1522 4767 eosque
1545 4673 1632 4756 sibi,
1659 4689 1698 4741 nt
1721 4673 1873 4751 serebat,
1901 4671 2124 4741 dulcissimos
2145 4669 2263 4736 labne

236 4794 312 4840 ¹ore
329 4774 518 4846 infantium
535 4787 569 4842 et
584 4773 788 4844 lactentium
813 4775 989 4865 perfecisti
1005 4776 1166 4858 laudem,
1192 4771 1241 4846 Et
1290 4799 1469 4858 reversos,
1496 4776 1535 4843 in
1559 4775 1631 4844 illis
1647 4801 1788 4870 qnoque
1806 4773 2051 4866 multipliciter
2067 4765 2263 4841 interturba-

248 4876 346 4966 qnod
370 4875 557 4966 praecipue
582 4873 699 4966 ipsum
725 4878 906 4962 rnovebat,
933 4878 1029 4948 videt
1052 4904 1093 4947 ex
1109 4876 1240 4948 Diaco-
1290 4877 1413 4958 batur,
1440 4889 1557 4946 tamen
1578 4892 1714 4948 tantum
1733 4891 1807 4947 erat
1830 4877 1868 4944 in
1884 4902 1925 4946 co
1949 4877 2116 4946 orrrnibns
2138 4867 2263 4941 bertela-

247 4999 377 5046 norum
392 4978 561 5049 uxoribus
575 5001 682 5046 unam
700 4979 885 5048 lactantem
898 4979 1063 5060 tiliolum,
1085 4997 1118 5052 ct
1132 4981 1238 5050 simul
1289 4981 1406 5049 ciendi
1427 4981 1606 5064 studium,
1632 4996 1672 5050 ut
1696 4976 1788 5049 nibil
1810 4979 1990 5049 molestiae
2017 4973 2180 5070 patientia
2201 4989 2262 5037 non

232 5081 460 5170 'pastinacam
476 5082 515 5148 in
532 5081 722 5171 prandium
738 5081 864 5151 marito
879 5081 1107 5168 incidentem,
1133 5095 1238 5176 atque
1288 5082 1462 5166 vinceret,
1489 5079 1572 5152 huic
1599 5105 1721 5153 versus
1746 5081 1802 5151 vel
1828 5078 2045 5172 Epistolarn,
2072 5077 2171 5147 alteri
2195 5093 2262 5140 ora·

232 5181 446 5252 audientem
470 5184 620 5252 alterum
648 5183 837 5272 parvolum
861 5185 1066 5255 recitantem
1091 5186 1237 5254 usitatas
1288 5184 1439 5269 tionem,
1463 5186 1568 5254 tertio
1585 5185 1854 5275 praelectionem
1876 5198 1936 5253 aut
1959 5183 2164 5252 concionem
2188 5170 2262 5242 scri·

241 5303 361 5372 preces
386 5301 420 5356 et
451 5287 674 5356 invocantem
698 5281 824 5354 Deum.
882 5282 1084 5368 Exclamat,
1119 5313 1140 5356 o
1166 5299 1235 5356 tres
1287 5285 1392 5356 bebat
1406 5287 1462 5355 vel
1479 5288 1701 5359 emendabat.
1752 5285 1806 5355 Dc
1821 5285 1946 5356 aulicis
1964 5285 2061 5355 enim
2078 5275 2263 5369 occupatio-

241 5385 645 5477 sanctosctDeogratus
668 5387 820 5461 labores.
873 5387 932 5456 Ab
952 5385 1019 5457 hoc
1035 5390 1233 5480 spectaculo
1286 5389 1392 5458 nilaus
1408 5403 1441 5456 et
1456 5385 1692 5457 Ecclesiarnrn
1706 5389 1964 5478 gubernatione
1979 5390 2051 5456 iam
2065 5409 2137 5454 non
2152 5381 2262 5448 dicam.

238 5487 463 5565 confirmatus
479 5492 623 5580 animo,
647 5515 688 5564 ac
701 5491 773 5564 iarn
795 5491 910 5563 laetus
926 5504 1034 5589 atque
1049 5489 1175 5563 alacns
1194 5491 1234 5566 in
1285 5487 1351 5561 His
1375 5491 1503 5572 tantis,
1530 5503 1671 5586 nanque
1694 5492 1817 5562 multis
1839 5493 1966 5577 rebus,
1989 5514 2070 5559 cnm
2092 5483 2261 5557 distinere-

1398 3715 1510 3785 Porro
1534 3717 1572 3784 in
1596 3725 1773 3788 concentu
1789 3715 2044 3790 Ratisbonensi
2065 3717 2126 3809 qni
2145 3711 2263 3784 babitus

1255 3851 1257 3859 ⁸
1296 3832 1349 3889 est
1370 3841 1465 3888 anuo
1491 3843 1510 3888 a
1536 3834 1618 3894 nato
1642 3845 1683 3888 ex
1704 3820 1843 3910 virgine
1864 3815 2009 3891 Christo
2036 3819 2145 3894 1541.
2167 3827 2262 3886 tantos

1295 3919 1434 4002 labores
1452 3922 1594 4012 pertulit
1604 3917 1802 4015 Philippos,
1824 3937 1975 4016 quantos
1989 3925 2049 3992 vix
2063 3925 2178 3993 decem
2193 3915 2263 3986 alios

1295 4024 1541 4094 robustissimo
1559 4049 1705 4116 corpore
1725 4027 1876 4116 perlcrre
1899 4049 2002 4116 posse
2026 4029 2215 4105 crederem,
2235 4027 2263 4083 ul

1296 4151 1416 4196 ornnes
1431 4128 1665 4209 mirarentur,
1692 4130 1871 4222 quomodo
1893 4124 1961 4196 boc
1982 4142 2056 4198 tarn
2072 4125 2185 4196 debile
2202 4142 2263 4190 cor-

1793 4231 1907 4299 llicere
1930 4245 2063 4321 posset,
2090 4227 2214 4319 etquid
2233 4219 2262 4286 in

1294 4355 1335 4400 eo
1363 4346 1540 4402 conventu
1572 4332 1733 4403 effectum
1761 4335 1825 4418 sit,
1862 4347 1997 4402 nornnt
2026 4347 2061 4403 et
2090 4333 2264 4422 agnoscunt
