4638 6176
84 281 142 358 uo
350 255 352 263 “
514 229 520 250 ’
676 397 680 404 Ι
807 279 1379 412 clautuuunra.11.
2037 296 2114 378 mo

83 459 137 530 No.
155 456 245 532 188.
811 500 817 512 κ
876 487 926 538 an.
952 467 1046 550 toas.
1121 451 1248 544 Qualis
1264 469 1297 526 et
1310 451 1390 528 Eoo
1408 457 1603 530 formosum
1623 463 1744 534 lumen
1763 465 1802 536 in
1819 468 1906 540 orbe

87 555 248 586 ’Ν
267 637 275 656 .
847 559 1067 601 “⁸⁸¹“
1171 557 1267 628 Ante
1282 558 1377 630 diem
1394 561 1527 650 spargit
1544 564 1695 636 candida
1714 591 1817 640 mane
1833 569 1973 644 Venus:

136 639 369 784 aqudlgqpeent.
387 657 414 711 Ρ·
430 639 518 711 ⁵⁰⁸³·
534 669 567 684 “
593 639 637 696 ⁰¹·
657 657 718 714 ῬΨ
739 639 853 697 V⁰¹'¹¹¹'·
867 643 916 700 ¹¹¹·
936 663 962 717 Ρ·
976 643 1022 700 ⁴⁵·
1041 653 1068 700 ‘l
1120 657 1220 730 Talis
1236 661 1274 730 in
1292 657 1359 732 hoc
1375 687 1482 734 curru
1499 658 1643 738 vehitur
1659 667 1841 760 Spalatine
1858 676 1997 766 puella,

191 753 198 770 ’
318 842 327 859 ι
1170 760 1245 852 Qui
1262 763 1329 834 tibi
1343 789 1418 835 non
1433 789 1535 836 coeca
1552 783 1646 840 sorte
1660 773 1797 846 dicatus
1810 791 1897 849 erat.

239 845 287 913 Μ
312 843 517 936 'mdin‘m
543 837 678 913 (ΜΨ
688 839 894 934 '⁰1'll0'i·
1118 859 1221 934 Hanc
1239 889 1350 958 prope
1368 893 1448 940 cum
1466 891 1585 960 posses
1600 873 1697 943 solus
1712 873 1895 967 Spalatine
1911 882 2050 966 sedere,

77 981 137 1052 lsta
155 979 236 1072 piae
254 977 383 1047 mentis
397 975 549 1046 formam
567 975 636 1046 tibi
652 989 827 1049 monstrat
843 976 977 1067 imago,
1162 964 1217 1038 -El
1232 969 1363 1042 teneris
1379 971 1499 1062 digitis
1516 971 1731 1065 implicuisse
1746 1003 1883 1055 manus.

118 1081 222 1172 Quae
238 1075 421 1152 Christum
437 1101 519 1148 vera
534 1103 615 1148 eum
631 1079 761 1170 pietate
779 1079 877 1152 colit.
1116 1066 1260 1140 Etcum
1277 1073 1497 1169 colloquium
1514 1097 1651 1167 posses,
1685 1080 1831 1152 miseere
1845 1107 1970 1172 suave,

72 1187 158 1258 Nam
174 1183 274 1254 velut
292 1183 329 1250 in
344 1181 472 1252 mediis
486 1181 621 1253 incedit
634 1181 803 1261 fluctibus
817 1179 953 1268 Herus,
1168 1170 1211 1242 ln
1227 1187 1321 1245 casta
1334 1178 1469 1268 patitur
1484 1177 1622 1268 virgine
1636 1181 1741 1276 quale
1756 1185 1884 1276 pudor.

116 1287 191 1378 Qui
202 1309 278 1356 non
291 1307 458 1376 magnum
470 1278 630 1370 humeto,
651 1285 712 1354 sed
721 1308 826 1376 grave
835 1298 1063 1376 gestasonus:
1116 1271 1192 1346 Cur
1208 1288 1326 1347 lamen
1344 1279 1464 1370 ignota
1480 1281 1590 1350 solam
1609 1285 1752 1374 regione
1767 1287 1964 1382 relinquis?

70 1393 126 1463 Sic
142 1405 178 1462 et
195 1389 307 1459 multa
326 1389 403 1479 pios
419 1386 625 1458 discrimina
640 1401 780 1480 oportet
796 1390 916 1472 adire,
1166 1375 1416 1476 Carpentoque
1430 1382 1502 1453 alio
1518 1409 1582 1454 cur
1596 1385 1718 1477 lugere
1733 1387 1818 1460 iude
1833 1393 1959 1482 paras?

118 1489 194 1584 Qui
211 1491 361 1561 verbum
377 1501 521 1582 portant
537 1490 687 1560 maxime
702 1485 843 1562 Christe
860 1505 974 1564 tuum,
1115 1480 1255 1551 Durior
1272 1481 1408 1574 Aegida
1426 1509 1482 1570 es,
1514 1486 1577 1580 qui
1593 1504 1727 1580 raptam
1746 1491 1785 1561 in
1801 1492 1922 1564 littore
1937 1495 2063 1590 liquit,

68 1593 202 1668 Omnia
221 1591 421 1664 destituunt
436 1593 547 1662 iustos
562 1593 706 1678 solatia,
739 1617 845 1664 nemo
1165 1579 1327 1656 Debebat
1342 1587 1451 1660 vitam
1467 1589 1525 1658 cui
1542 1602 1661 1661 umen
1675 1592 1750 1684 ipse
1768 1617 1879 1670 suam.

116 1695 306 1770 Auxilium
321 1695 412 1788 tristi
427 1709 586 1786 tempore
599 1695 692 1766 ferre
709 1697 808 1770 soler,
1115 1683 1211 1756 Hinc
1229 1687 1317 1759 irata
1335 1686 1478 1772 Venus,
1511 1705 1713 1788 sortemque
1729 1697 1870 1768 miserta
1887 1699 2025 1790 puella,

69 1801 127 1872 Tu
144 1823 290 1895 quoque
305 1798 499 1869 deseruisse
513 1811 595 1868 tuos
613 1823 635 1868 o
651 1794 791 1871 Christe
812 1799 959 1886 videris,
1168 1787 1210 1858 ln
1227 1791 1341 1860 media
1356 1817 1506 1885 propere
1523 1808 1574 1865 est
1586 1809 1620 1865 te
1638 1811 1813 1869 remorata
1831 1799 1904 1870 via.
1974 1830 1998 1876 c.

118 1903 215 1976 Sunt
229 1902 336 1974 etiam
355 1902 417 1996 qui
433 1915 467 1971 te
482 1923 583 1994 posse
602 1901 725 1972 iuvare
739 1915 880 1992 negent.
1114 1888 1403 1988 Carpentumque
1421 1910 1523 1968 tuum
1540 1920 1648 1968 coena
1664 1901 1807 1972 demisit
1822 1901 1860 1970 in
1880 1903 1971 1988 alto,

73 2005 148 2076 lloc
166 2017 220 2077 est
236 2029 299 2076 cur
312 2003 413 2096 pueri
431 2003 478 2072 sis
491 2004 605 2096 pictus
622 2003 791 2094 imagine:
826 2027 979 2096 namque
1166 1991 1243 2064 Hac
1256 2020 1321 2087 pro
1337 1998 1495 2088 neglecta
1511 1999 1651 2089 virgine
1667 2025 1782 2093 poena
1796 2004 1874 2074 luit.

116 2106 297 2180 Convenit
314 2107 465 2176 infirmis
483 2107 547 2176 ista
567 2106 677 2196 figura
695 2108 817 2198 magis.

71 2211 127 2284 Tu
142 2235 286 2305 quoque
301 2211 477 2302 lapsantes
494 2209 674 2280 interdum
689 2211 861 2302 deprimis
875 2212 969 2302 ipse,

121 2311 231 2384 lrasci
243 2313 382 2406 quoties
397 2326 431 2382 te
446 2313 517 2382 sibi
534 2313 625 2380 velle
640 2326 776 2403 putant.
1114 2291 1278 2367 Christus
1293 2297 1332 2366 in
1348 2297 1491 2370 infirmo
1507 2301 1606 2372 venit
1620 2295 1690 2372 huc
1706 2302 1889 2396 Spalatine
1903 2304 2083 2394 Luthero‚

71 2417 253 2488 Sustentat
266 2429 402 2500 tamen,
436 2430 470 2486 et
484 2401 768 2506 praeber'sotatia
785 2413 963 2499 Verbum,
1165 2393 1213 2470 El
1231 2413 1290 2468 ωδ
1305 2423 1370 2490 P¹⁰
1389 2401 1511 2496 “quie
1526 2417 1615 2474 licia
1632 2405 1785 2496 benigna
1801 2409 1901 2500 pelli·

119 2515 217 2610 Ergo
232 2519 340 2588 arbor
353 2539 492 2608 gressus
508 2517 607 2588 arida
624 2519 714 2588 lacta
730 2518 828 2607 regit.
1116 2498 1296 2620 Quicquid
1315 2497 1399 2572 huic
1414 2505 1540 2590 facies,
1571 2506 1641 2576 sibi
1655 2507 1785 2580 factum
1802 2511 1936 2582 iudicat
1952 2511 2033 2598 ille,

75 2620 166 2692 llaec
181 2635 301 2692 tamen
319 2621 358 2690 in
374 2621 498 2692 florem
515 2643 638 2690 rursus
654 2643 728 2690 sese
747 2621 873 2690 induet
888 2617 1013 2701 arbor,
1165 2599 1239 2690 Qffl
1257 2627 1322 2674 ¹¹⁰⁵
1338 2607 1496 2677 membra
1512 2608 1569 2678 ⁸115
1583 2611 1743 2702 corporis
1759 2635 1832 2684 esse
1849 2615 1960 2688 docet.

118 2723 261 2798 Reddet
276 2723 372 2793 enirn
389 2723 490 2794 iustis
505 2723 662 2814 praemia
677 2723 783 2814 digna
798 2719 906 2794 Deus.
1555 2739 1559 2746 ·

76 2825 135 2896 llle
149 2851 257 2898 senex
277 2826 399 2898 lumen
414 2827 476 2922 qui
494 2826 664 2918 praefert,
691 2829 818 2896 doctor
832 2819 1038 2904 habendus,

120 2927 310 3002 Errantem
328 2943 369 3001 ut
383 2929 530 3000 monitis
546 2927 612 3000 rite
626 2930 816 3020 gubernet,
847 2927 926 2998 erit.
1115 2941 1183 3014 No,
1210 2943 1293 3018 156,
1914 2982 1961 3022 ,m
1988 2961 2080 3026 1537,

513 3035 519 3044 '
1123 3039 1294 3070 Μ
1883 3050 2097 3092 Μ

76 3123 129 3130 -
440 3119 484 3128 ·-
652 3118 851 3126 -----
1185 3148 1325 3202 lutimatio
1346 3149 1379 3202 de
1398 3147 1511 3223 Eclipai.
1546 3149 1613 3205 liam
1635 3151 1762 3208 dedimus
1783 3154 1811 3210 in
1834 3153 1955 3227 epistolia
1974 3157 2106 3218 Melanth.

76 3249 135 3324 No·
155 3249 241 3326 134·
390 3305 395 3314 ·
922 3299 930 3317 ·
1042 3300 1049 3315 ι
1219 3217 1283 3272 vot.
1297 3217 1343 3274 lll.
1356 3237 1384 3290 p·
1399 3217 1461 3274 874.
1499 3217 1562 3274 Nou
1574 3219 1718 3294 relegitur
1732 3223 1804 3294 apud
1819 3221 2004 3282 vincentium,

83 3347 250 3377 w

1182 2163 1338 2230 Lutherus
1362 2193 1401 2231 ex
1427 2185 1579 2234 conventu
1605 2173 1753 2239 divertent
1779 2177 1817 2238 ad
1840 2171 2041 2260 Spaletinum.

169 3429 253 3506 Apud
275 3427 356 3484 vtae:
377 3447 403 3500 p.
417 3428 458 3482 39.

470 3553 659 3642 precam.
1115 3533 1182 3606 No·
1199 3531 1283 3604 1³7·
1484 3607 1494 3626 ,
1915 3571 1965 3614 aa
1989 3551 2085 3615 esar.

1120 3631 1246 3656 Μ·
1888 3639 2102 3682 *ovs-

77 3687 126 3762 (li
152 3639 305 3768 dvo‘atc
325 3683 344 3758 ὀ
361 3681 450 3768 θεὸς
470 3689 613 3778 μᾶλλον
634 3681 681 3778 δὴ
699 3680 868 3778 τέρπεται
888 3681 1013 3768 ἄλλαις

122 3791 143 3886 ἦ
165 3715 323 3884 διιῶχῆς
347 3785 477 3884 μελέτη
505 3790 722 3882 εἰλικρινοῦς
745 3811 785 3856 τε
809 3779 935 3886 λόγου.
1221 3799 1360 3856 elocutae.
1374 3801 1403 3854 tu
1417 3799 1510 3856 teleta
1524 3803 1671 3860 maravia.
1715 3803 1778 3862 via.
1794 3808 1927 3879 apavot.
1942 3811 1989 3872 ΙΙΙ.
2004 3834 2031 3886 ρ.
2079 3821 2105 3874 ι.

1186 3733 1267 3806 Apud
1283 3729 1410 3786 Vineeot.
1430 3747 1457 3801 p.
1472 3729 1523 3784 tta
1535 3750 1575 3804 aq.
1588 3764 1624 3775 —
1658 3733 1820 3790 Melanthea
1831 3735 1886 3796 hoc
1897 3759 1971 3796 anno
1984 3743 2050 3802 Euri
2071 3748 2108 3804 id,

124 3891 370 3938 ιιιΙΙ
475 3885 541 3914 ιιι
639 3883 889 3960 ,αιδιὲ
990 3891 997 3916 ι

73 3921 157 3978 τους
185 3890 211 3968 d
258 3918 329 3966 ουν
355 3915 481 3986 [proce
515 3885 773 4086 ιναῖξίμῑοῖιςῖιη
880 3915 953 3982 χον
979 3891 1064 3966 lietu
1321 3965 1380 4032 m·
1405 3959 1584 4053 Euripide
1609 3965 1651 4034 in
1677 3961 1902 4043 Phocum·

121 4097 298 4194 ἡμέτεραι
323 4093 361 4170 d'
387 4091 484 4196 ἁγίῳ
506 4089 690 4188 πνεύματι
715 4092 978 4202 ἄρδεὶφρένας-
1167 4112 1207 4184 si
1222 4113 1302 4206 quis
1318 4116 1493 4186 malorum
1511 4115 1661 4204 gaudeat
1677 4123 1902 4206 commercio,

1168 4213 1312 4304 Rogare
1328 4219 1443 4312 qualis
1458 4216 1533 4308 ipse
1546 4216 1614 4300 sit,
1647 4213 1741 4288 nihil
1756 4236 1807 4292 est
1822 4247 1929 4312 opus:

1168 4317 1258 4388 Nam
1277 4321 1427 4414 quisque
1443 4317 1570 4387 similis
1587 4331 1640 4389 est
1656 4321 1813 4392 sodalitii
1829 4327 1902 4410 sui,

68 4423 140 4498 No.
158 4421 242 4502 155.
883 4451 930 4492 sn.
957 4429 1051 4496 1537.
1170 4417 1314 4492 Vadcns
1328 4425 1372 4492 ad
1389 4419 1538 4510 aucupia
1552 4445 1632 4490 cum
1649 4423 1743 4492 visco
1760 4441 1794 4497 et
1810 4425 1916 4499 illice.

68 4523 241 4548 m
857 4525 1066 4559 naa-..-

173 4605 258 4680 Apud
277 4604 404 4659 Vincerat·
425 4623 450 4676 p.
468 4605 524 4660 164.
547 4669 553 4680 .
1118 4631 1215 4641 --
1487 4631 1559 4639 --
1928 4639 2110 4650 m

65 4741 177 4808 Iocua
213 4733 265 4808 od
301 4737 458 4832 Geocp.
503 4735 829 4826 Spoletinum,
877 4739 942 4828 qui
982 4757 1066 4812 oum
1118 4778 1173 4849 No
1209 4777 1282 4850 133
1898 4793 1950 4872 (an
1987 4795 2096 4878 1537)

67 4839 231 4912 maten·
248 4859 298 4910 eo
312 4859 440 4910 soture
464 4847 573 4929 nepte
596 4835 726 4912 eodem
743 4857 856 4908 sunu
871 4847 1002 4912 vectus
1019 4865 1067 4916 ea
1124 4831 1298 4906 „ssa-2
1891 4838 2104 4925 ndu-2.

63 4953 258 5016 conuentu
267 4939 611 5028 Selmulculdenai‚
638 4938 826 5012 conducto
838 4941 918 5012 atta
931 4941 1065 5032 rhedo,
1187 4975 1221 5028 ln
1235 4989 1298 5044 opp,
1311 4971 1374 5030 Β...
1388 4971 1422 5030 Τ.
1437 4971 1470 5029 ν.
1487 4991 1516 5046 p.
1527 4971 1588 5030 aas.
1606 4985 1632 5030 n
1644 4977 1714 5048 aput
1728 4975 1810 5033 vtae.
1824 4995 1851 5048 ρ.
1868 4975 1924 5032 tat.

60 5053 111 5115 ut
129 5043 342 5118 Lutlterum
364 5051 402 5114 et
421 5041 661 5136 Philippum,
695 5066 786 5136 quos
806 5045 986 5136 perendie
999 5047 1067 5122 lo·
1217 5121 1220 5128 ,

55 5155 184 5237 apitio
221 5157 450 5239 exceptum
483 5155 589 5236 erat,
637 5149 898 5234 anteveniret,
938 5171 1066 5226 euerso
1359 5133 1559 5228 Euripides
1583 5141 1627 5209 iu
1650 5135 1873 5212 Phoenissis.

251 5273 365 5322 ΜΝ
388 5253 429 5321 52⁸
450 5251 575 5322 lulum
593 5271 641 5342 ΡΥ
641 5254 778 5322 ⁰⁸¹⁶⁰lu⁸
796 5243 824 5342 f
821 5253 890 5323 ml·
908 5277 919 5300 ⁸
1164 5263 1318 5352 Ὶπλούς
1339 5264 1359 5342 ὁ
1377 5263 1505 5364 paidos
1525 5275 1590 5365 τῆς
1612 5267 1790 5366 ἀληθείας
1814 5271 1896 5370 ἔφη.

58 5381 201 5472 Qualis
216 5388 295 5458 luce
312 5411 404 5456 nova
419 5411 499 5456 cum
516 5385 670 5477 primum
688 5407 821 5454 cornua
839 5385 1011 5478 complet,
1170 5387 1262 5458 Nam
1280 5388 1439 5460 veritatis
1454 5403 1505 5459 est
1522 5390 1670 5484 simplex
1687 5390 1800 5461 oratio

126 5485 307 5582 Hesperiis
324 5485 466 5560 vehitur
484 5483 638 5584 Cynthia
657 5487 779 5580 pulcra
799 5485 926 5578 plagis:
1175 5489 1573 5664 Interpretemqqetnon
1593 5493 1769 5565 desiderat
1784 5493 1942 5577 vafrum,
