4666 6170
82 279 162 354 305
454 277 817 394 SCRIPTA'AD
852 277 1050 354 Vtram
1079 275 1156 354 ET
1190 275 1429 356 OBITUM
1462 279 1761 368 MELANTH.
2051 299 2127 372 806

83 449 231 542 ingenio
246 449 409 528 indulsit.
458 451 531 526 seo
546 457 848 548 quemadmodum
863 455 939 548 ipsc
955 453 995 526 in
1011 465 1085 526 tota
1135 453 1196 526 bet
1211 466 1398 527 sectatores
1412 477 1488 526 non
1510 479 1659 549 paucos,
1685 487 1751 535 nec
1772 465 1965 557 ignobiles,
1989 493 2030 541 sc
2048 497 2128 563 per-

82 555 175 640 vita,
202 567 238 624 et
250 555 419 628 omuibus
432 557 634 628 actionibus
651 572 793 652 apertus
808 559 893 644 fnit,
913 558 1085 642 sincerus,
1134 578 1339 628 mansuram
1363 557 1469 628 etiam
1495 561 1540 630 ad
1561 564 1666 634 finem
1689 563 1823 640 Mundi
1847 585 1973 644 contra
1991 570 2129 646 infero-

82 671 115 730 et
131 657 323 739 candidus,
346 658 396 730 ita
413 659 453 729 in
468 660 690 751 professione
701 661 895 747 doctrinae,
919 659 1084 752 proprie-
1134 683 1216 730 rum
1232 672 1351 752 portas
1366 683 1559 753 speramus.
1608 663 1720 740 Cuius
1740 672 1806 742 etsi
1822 675 2016 746 adversarii
2032 679 2129 748 refu-

83 774 155 832 tate
180 760 375 842 sermonis,
402 775 437 832 et
456 763 630 834 orationis
649 787 788 856 semper
804 777 857 836 est
878 763 1084 846 delectatus,
1134 762 1305 832 tationem
1339 776 1415 833 tum
1450 765 1699 856 instituerant,
1731 797 1807 844 eam
1844 790 1983 862 tamen,
2015 803 2129 874 neque

81 877 117 934 et
133 863 351 954 genuinam,
376 886 418 934 ac
441 865 598 936 nativam
622 867 853 948 sententiam,
875 887 983 960 quam
1008 887 1083 936 ser·
1134 864 1277 958 publice
1299 863 1338 934 in
1359 866 1474 936 lucem
1490 869 1594 940 edere
1610 895 1769 966 unquam
1791 878 1868 950 ausi
1885 893 1988 965 sunt,
2013 903 2129 976 neque

80 966 203 1036 monis
218 967 436 1058 proprietas,
461 981 496 1040 et
511 967 594 1038 fidei
610 967 785 1060 Analogia
799 967 966 1056 afferunt,
991 967 1082 1038 facta
1135 967 1286 1040 statibus
1308 965 1475 1060 Imperii,
1508 971 1571 1065 qui
1594 970 1859 1050 Confessionem
1883 975 2130 1069 exhibuerant,

80 1068 296 1154 collatione,
323 1070 486 1154 eruebat,
517 1085 552 1142 et
578 1071 615 1142 id
640 1074 739 1165 quod
758 1072 953 1155 sentiebat,
985 1094 1082 1150 voce,
1135 1070 1285 1161 abipso
1319 1069 1531 1160 imperatore
1557 1078 1758 1166 petentibus
1790 1083 1930 1175 copiam
1957 1085 2033 1156 eius
2059 1087 2130 1158 sibi

81 1185 114 1242 et
138 1171 306 1262 scriptis,
335 1195 416 1242 cnm
445 1172 524 1244 aliis
547 1173 730 1264 plurimis,
757 1189 834 1246 tum
856 1172 1023 1267 inprimis
1044 1172 1083 1240 in
1134 1172 1231 1256 fieri,
1267 1173 1526 1267 inspiciendam
1567 1179 1652 1250 dare
1693 1177 1895 1260 voluerunt.
1949 1185 2130 1260 Videbam

83 1274 173 1346 locis
188 1288 241 1345 est
256 1275 445 1368 professus.
1136 1275 1231 1346 enim
1247 1297 1310 1346 sua
1326 1276 1455 1366 frigida
1471 1301 1562 1359 esse,
1587 1295 1620 1351 et
1636 1283 1786 1371 frivola,
1807 1311 1872 1358 nec
1888 1311 1989 1380 posse
2005 1291 2129 1362 claris-

1136 1378 1243 1448 simae
1259 1377 1343 1462 luci,
1368 1403 1459 1473 quae
1477 1381 1516 1448 in
1534 1378 1765 1458 Confessione
1783 1390 2004 1482 splendebat,
2029 1407 2130 1466 tene-

187 1479 355 1576 Cumqne
385 1479 424 1549 in
453 1473 521 1552 hoc
550 1494 672 1552 nostra
695 1494 857 1554 versetur
886 1480 1021 1570 oratio,
1049 1491 1085 1550 et
1135 1481 1218 1552 bras
1233 1480 1374 1552 offundi
1387 1496 1449 1554 aut
1461 1483 1601 1578 aliquid
1616 1489 1701 1560 certi
1718 1503 1752 1560 et
1772 1491 1867 1562 firmi
1880 1497 2028 1588 opponi.

84 1607 237 1676 magnus
253 1584 298 1654 sit
315 1577 446 1652 borum
461 1583 621 1654 locorum
636 1607 733 1670 usus,
746 1599 852 1678 atque
865 1586 906 1656 in
921 1583 1084 1658 omnium

84 1689 156 1758 fere
181 1686 351 1758 manibus
375 1699 576 1771 versentur,
608 1711 683 1758 non
706 1711 850 1779 possum
879 1686 1083 1780 praeterire,
1240 1683 1389 1777 Scripsit
1404 1700 1527 1778 postea
1540 1689 1579 1758 in
1592 1689 1719 1764 iisdem
1729 1691 2131 1791 ComiciisApologiam,

84 1791 174 1886 quin
201 1788 376 1860 indicium
396 1786 545 1860 Domini
561 1785 727 1860 Doctoris
750 1788 903 1862 Martini
922 1781 1087 1859 Luthcrs'
1136 1789 1267 1882 inqua
1292 1801 1327 1858 et
1347 1785 1615 1862 confessionem
1642 1797 1803 1868 defendit
1832 1799 1997 1889 pluribus
2024 1826 2131 1894 argn-

85 1897 126 1964 de
143 1893 221 1964 illis
241 1891 399 1962 recitem·
450 1888 564 1982 Spero
588 1892 684 1962 enim
707 1915 783 1964 non
803 1895 881 1964 fore
896 1888 1083 1966 Auditori-
1135 1891 1286 1976 mentis,
1312 1903 1349 1961 et
1363 1887 1662 1968 Adversariorum
1679 1895 1969 1974 Confutationcm
1988 1907 2131 1997 publice

85 1998 153 2068 bus
180 1997 374 2086 ingratum.
437 1987 539 2064 Adeo
566 2010 684 2068 autem
711 1990 908 2066 honorifice
933 1997 978 2066 dc
1012 1993 1085 2064 illis
1136 1995 1254 2066 obiter
1267 1995 1394 2066 lectam
1415 1995 1558 2072 refutat.

88 2099 218 2184 sensit,
243 2107 285 2167 nt
308 2094 456 2180 dixerit,
481 2093 564 2166 Non
589 2111 706 2167 extare
729 2099 844 2168 ullum
863 2099 961 2168 alind
981 2120 1084 2189 prae-

86 2203 240 2274 stantius
255 2195 553 2291 perat-Apostolus
575 2200 706 2291 scripta
719 2192 834 2272 Locis
849 2199 893 2274 D.
914 2196 1085 2292 Philippi,
1238 2195 1297 2270 Ad
1313 2197 1356 2272 D.
1373 2194 1582 2294 Philippum
1599 2214 1769 2296 tanquam
1784 2203 2001 2302 Delphicum
2014 2207 2133 2306 Apol-

90 2303 248 2397 ldeoque
266 2302 307 2370 in
327 2297 484 2373 Ecclesia
507 2318 540 2372 et
555 2297 697 2374 Scholis
719 2305 962 2376 retinendum:
990 2301 1085 2391 Quia
1137 2301 1222 2374 linis
1235 2304 1420 2374 oraculum
1442 2305 1482 2372 in
1496 2305 1610 2374 causis
1626 2306 1846 2380 difficillimis
1859 2335 1984 2384 omnes
2003 2338 2132 2409 prope-

88 2407 125 2476 in
160 2431 203 2476 eo
227 2407 555 2494 doceat,‘pugnet‚
589 2419 622 2474 et
655 2401 871 2498 triumphet,
900 2430 941 2476 ac
970 2419 1084 2478 cotum
1138 2407 1285 2475 modum
1300 2403 1495 2492 Ecclesiae,
1523 2405 1599 2476 lmo
1623 2421 1658 2480 et
1675 2407 1860 2504 Principes
1878 2415 2026 2506 plurimi
2045 2444 2133 2490 con-

88 2532 218 2601 corpus
241 2507 403 2578 coelestis
428 2507 614 2578 doctrinae
636 2509 902 2600 complectatur.
952 2506 1025 2578 Nec
1046 2508 1085 2576 in
1136 2509 1323 2598 fugerunt,
1357 2508 1568 2580 sententiam
1591 2510 1722 2602 ipsius,
1752 2527 1788 2584 et
1811 2517 1986 2588 iudicium
2008 2522 2133 2592 audire

88 2609 440 2690 omnibusomnium
461 2622 601 2700 patrum
618 2611 757 2702 scriptis
781 2625 921 2684 tantum
936 2610 1085 2703 reperiri
1138 2611 1339 2701 cupientes,
1365 2611 1497 2704 quibus
1510 2610 1696 2682 laboribus
1710 2609 1797 2687 haec
1811 2641 1867 2688 res
1884 2620 1919 2690 ei
1935 2623 2134 2696 constiterit

89 2712 305 2786 eruditionis
328 2707 584 2800 Theologicae,
618 2715 854 2806 quantumin
880 2713 967 2783 locis
990 2708 1086 2782 hisce
1137 2713 1240 2782 facile
1260 2712 1378 2806 quivis
1400 2712 1579 2802 intelligit.
1631 2711 1675 2783 ln
1695 2709 1792 2788 bunc
1813 2721 1982 2806 modum,
2007 2717 2134 2798 hiala.

88 2819 327 2892 contineatur.
386 2810 435 2885 Et
461 2815 492 2884 si
523 2815 644 2886 omnia
673 2816 820 2886 illorum
849 2815 977 2908 scripta
999 2839 1086 2886 con·
1138 2815 1307 2896 boribus,
1332 2827 1368 2886 et
1389 2815 1518 2886 studiis
1540 2830 1712 2908 perpetuo
1736 2835 1948 2914 occupatus,
1972 2827 2037 2898 ubi
2055 2825 2135 2900 Tn-

88 2923 279 3000 darentur,
313 2929 537 2990 nontamen
569 2917 654 2988 inde
687 2919 784 2990 locos
812 2911 973 3010 Philippi
1002 2943 1087 3011 pro-
1138 2918 1246 3008 binga
1266 2917 1435 2994 discessit.
1485 2915 1720 3010 Reipublicae
1741 2923 1937 3013 literariae,
1962 2923 2136 3002 etEccle·

90 3024 238 3098 dituros.
1139 3022 1210 3092 siae
1232 3045 1312 3092 enm
1335 3023 1515 3106 docendo,
1548 3034 1624 3092 tum
1646 3025 1855 3114 scribendo,
1887 3027 1989 3102 xnlt
2021 3047 2135 3106 annos

693 3135 695 3141 ’
1140 3122 1297 3197 servivit.

191 3221 458 3298 adhibiturus
474 3239 594 3317 postea
608 3226 925 3298 diiudicationibus
941 3227 1088 3314 dogma·

91 3347 187 3412 tum,
223 3343 259 3400 et
282 3331 622 3410 controversiarum,
648 3353 690 3400 ac
712 3328 929 3420 gravissimis
953 3329 1088 3398 delibe-
1241 3325 1358 3398 Deum
1389 3327 1645 3416 immortalem,
1674 3349 1807 3426 quanta
1837 3336 2029 3424 foelicitas,
2062 3345 2135 3414 frui

89 3433 312 3514 rationibus,
338 3431 402 3501 ubi
425 3434 469 3502 de
492 3445 565 3504 tota
590 3431 762 3522 religione
785 3446 836 3502 est
857 3431 1087 3524 disputatum.
1141 3444 1240 3502 tanto
1264 3445 1423 3522 tempore
1447 3443 1519 3502 tam
1541 3433 1685 3504 salutari
1702 3433 1877 3510 Doctore!
1932 3436 2011 3532 Ego
2033 3460 2136 3530 certe,

91 3535 263 3608 interfuit
291 3535 466 3629 plerisque
496 3531 665 3606 Comiciis
694 3535 958 3626 imperialibus,
990 3530 1088 3604 Con·
1141 3533 1205 3605 etsi
1223 3533 1333 3625 probe
1348 3528 1438 3602 mihi
1453 3557 1553 3606 meae
1570 3536 1752 3610 tenuitatis
1776 3540 1844 3610 sim
1863 3545 2044 3630 conscius,
2070 3572 2136 3620 nec

91 3639 261 3710 ventibus
283 3639 507 3730 principum,
539 3650 574 3708 et
594 3633 880 3728 Theologorum,
912 3660 952 3708 ac
977 3635 1089 3706 collo·
1141 3649 1280 3708 tantum
1298 3635 1508 3727 profecerim
1526 3631 1596 3708 hoc
1609 3655 1857 3733 praeceptore,
1883 3661 2057 3738 qnantum
2072 3654 2136 3722 de·

92 3743 188 3838 qniis
214 3739 385 3810 omnibus
410 3740 585 3830 publicis,
618 3764 708 3834 quae
735 3753 810 3812 toto
837 3753 996 3832 tempore
1021 3734 1088 3808 boc
1141 3741 1304 3808 buerarn:
1332 3734 1472 3808 Tamen
1487 3732 1579 3809 banc
1595 3763 1770 3816 summam
1787 3745 2024 3832 foelicitatem,
2045 3777 2136 3846 quae

93 3857 180 3916 sunt
199 3842 373 3916 instituta.
404 3839 478 3912 Nec
492 3841 559 3914 luit
573 3843 648 3912 illic
662 3843 801 3914 ociosus
817 3855 1009 3936 spectator,
1027 3853 1088 3910 aut
1141 3835 1231 3910 mibi
1258 3839 1297 3908 in
1325 3839 1430 3910 terris
1458 3844 1665 3932 contingere
1690 3848 1825 3937 potnit,
1860 3849 2000 3937 iudico,
2038 3857 2135 3947 quod

93 3941 228 4044 κώφον
239 3937 457 4038 πρώςωπον,
471 3946 535 4013 sed
554 3945 759 4038 praecipuas
773 3968 911 4036 semper
923 3945 993 4034 egit
1007 3967 1089 4036 par·
1141 3939 1233 4014 mihi
1256 3954 1333 4014 toto
1348 3942 1616 4037 quinquennio,
1643 3948 1733 4018 dnos
1753 3949 1841 4021 istos
1864 3945 2009 4038 heroes,
2036 3955 2137 4028 Mar-

93 4065 163 4135 tes,
185 4047 309 4120 omnia
326 4046 457 4140 scripta
470 4047 689 4138 composuit,
715 4071 795 4119 corn
812 4047 1024 4118 adversariis
1039 4059 1090 4114 est
1141 4046 1258 4117 tinum
1281 4040 1481 4118 Luthernm
1502 4047 1602 4133 dico,
1636 4061 1671 4118 st
1695 4047 1903 4144 Philippum
1929 4053 2137 4130 Melantho-

93 4173 321 4242 congressus,
343 4151 430 4220 etin
447 4149 521 4221 acie
536 4151 650 4230 stetit,
675 4173 716 4222 ac
730 4149 963 4220 constantiam
988 4171 1089 4240 prae·
1142 4173 1223 4218 nem
1247 4160 1493 4241 praeceptores
1518 4173 1615 4220 meos
1639 4166 1808 4243 perpetua
1831 4155 2055 4230 observantia
2075 4185 2137 4230 co-

94 4257 183 4326 stitit
198 4253 278 4324 viro
295 4253 391 4324 bono
408 4251 565 4342 dignam.
617 4251 694 4324 Nec
709 4275 869 4346 unquam
887 4251 1000 4322 victus
1016 4249 1090 4319 dis-
1142 4251 1286 4334 lendos,
1311 4251 1482 4322 audiendi
1499 4252 1600 4344 eopia
1615 4253 1661 4326 sit
1674 4255 1777 4329 lacta.

94 4358 215 4439 cessit,
239 4355 301 4426 sed
318 4353 470 4446 maxima
494 4353 629 4444 ingenii
646 4353 841 4435 celeritate,
868 4367 903 4426 et
916 4353 1090 4437 acumine,

96 4453 327 4552 Sophisticen
350 4456 543 4538 intellexit,
571 4472 605 4528 et
624 4451 879 4550 deprehendit,
904 4469 1009 4550 atque
1032 4455 1090 4523 in·
1244 4449 1292 4524 Et
1303 4455 1400 4548 qnod
1416 4452 1582 4528 lrenaeus
1602 4459 1648 4528 de
1664 4453 1861 4554 Polycarpo
1878 4457 2135 4556 smyrneorum

96 4563 262 4644 fricatas,
288 4573 324 4632 et
341 4559 520 4630 involutas
541 4559 786 4652 qrssestiones,
812 4585 852 4630 ac
876 4560 990 4629 nodos
1008 4581 1091 4648 gor·
1143 4549 1341 4649 Episcopo,
1368 4557 1430 4650 qni
1447 4559 1562 4629 fuerat
1580 4559 1723 4630 auditor
1742 4559 1886 4632 loannis
1899 4559 2077 4654 Apostoli,
2102 4581 2137 4638 et

96 4669 191 4748 dios,
230 4663 349 4754 gladio
382 4661 483 4732 verbi
515 4657 584 4732 Dei
623 4662 808 4747 dissecuit,
849 4676 883 4732 et
915 4660 1090 4732 dissolvit.
1142 4655 1391 4748 Evangelistae
1424 4661 1567 4748 scribit,
1604 4660 1722 4734 Multa
1755 4687 1858 4756 saepe
1883 4663 2049 4738 Doctoris
2081 4669 2136 4738 sni

94 4764 245 4860 Scripsit
268 4779 303 4838 et
324 4778 483 4855 tempore
513 4765 829 4856 periculosissimo,
863 4787 944 4834 enm
971 4763 1092 4834 omnia
1143 4762 1237 4832 dicta
1253 4783 1397 4830 narrare
1410 4762 1575 4848 solitum,
1599 4765 1733 4858 quibus
1748 4767 1938 4853 addiderit,
1959 4767 2007 4842 Se
2021 4765 2136 4843 adhuc

96 4871 285 4942 interitura
321 4865 558 4950 videbantur,
595 4868 634 4936 in
665 4865 830 4938 Comitiis
862 4862 1092 4957 Augustanis,
1145 4887 1247 4934 voces
1270 4862 1401 4954 ipsius,
1433 4865 1536 4957 qnasi
1558 4865 1596 4935 in
1620 4869 1767 4942 auribus
1790 4871 1864 4940 suis
1885 4886 2053 4944 sonantes
2073 4898 2137 4943 au-

96 4971 197 5044 Fidei
222 4969 500 5052 confessionem,
525 4969 784 5040 communicato
808 4982 885 5040 tum
910 4969 1092 5040 corneliis
1145 4967 1234 5040 dire.
1288 4963 1330 5036 ld
1352 4966 1396 5036 de
1418 4989 1474 5036 me
1491 4967 1674 5040 verissime
1694 4993 1838 5064 possum
1855 4971 2049 5060 affirmare,
2075 4973 2138 5046 Me

97 5073 267 5158 consilio,
293 5095 384 5166 quae
403 5070 538 5141 ibidem
556 5065 710 5141 exhibita
729 5086 782 5142 est
796 5068 1006 5164 Imperatori
1022 5069 1092 5142 Ca·
1144 5065 1262 5140 adhuc
1279 5091 1355 5140 non
1367 5068 1475 5140 modo
1489 5093 1592 5140 voces
1614 5065 1742 5144 horum
1764 5073 1921 5144 vimrum
1937 5074 1975 5144 in
1991 5077 2137 5148 auribus

98 5175 331 5270 roloqninto.
373 5169 415 5243 ln
432 5197 503 5267 qua
517 5173 623 5243 etism
639 5173 847 5266 praecipuos
861 5174 943 5243 fidei
961 5175 1093 5244 articu—
1145 5172 1339 5242 tinnientes
1362 5169 1506 5252 andire,
1532 5173 1594 5242 scd
1617 5175 1706 5243 adeo
1721 5174 1891 5246 tenaciter
1913 5177 2024 5248 menti
2040 5202 2139 5249 meae

99 5279 152 5350 los
168 5293 220 5350 est
235 5277 451 5372 complexus,
475 5276 537 5344 scd
552 5275 725 5360 breviter,
748 5290 790 5348 ut
805 5277 843 5344 in
860 5273 1093 5348 Confessionc
1145 5275 1356 5366 insculptas,
1382 5287 1416 5344 et
1439 5273 1628 5370 impressas
1645 5297 1739 5360 esse,
1763 5277 1864 5371 quasi
1885 5276 2044 5369 ipsorum
2063 5281 2140 5350 effi-

100 5381 175 5452 beri
191 5381 293 5452 solet.
344 5376 441 5450 llaec
454 5375 638 5452 Confessio
659 5379 728 5450 late
746 5401 864 5471 sparsa
882 5393 951 5460 est,
979 5393 1013 5450 et
1028 5375 1093 5452 lra-
1145 5377 1239 5470 εἰει,
1266 5401 1306 5450 ac
1329 5377 1441 5450 oculis
1463 5371 1561 5450 hisce
1583 5391 1783 5472 praesentes
1803 5402 1923 5450 coram
1939 5381 2139 5456 assistentes

151 5593 327 5658 llrcssrn.
348 5587 450 5652 Ossa.
480 5585 562 5650 Vos..
579 5583 625 5652 X.
1442 5583 1492 5658 20
