4666 6170
227 275 307 355 sos
477 219 486 228 ’
596 261 850 354 semera
881 261 958 344 an
993 255 1194 344 vrran
1224 252 1300 334 nr
1332 195 1906 344 onrrunuanasrn.
2205 249 2285 336 sol

231 452 324 525 bret.
375 445 454 522 Hos
471 441 643 522 Doctores
667 441 764 516 Deus
787 463 830 515 er
853 436 986 528 scholis
1007 433 1227 518 docentium,
1280 447 1429 518 vocant,
1455 435 1664 524 abdicabat,
1690 437 1792 512 cuius
1817 435 1905 528 legis
1920 435 2106 512 rationem
2134 433 2291 520 Plutarf

230 568 267 626 et
298 549 513 626 discentium
547 547 677 640 scripta
709 536 924 636 Prophetica
953 555 988 616 et
1020 536 1228 632 Apostolica
1281 531 1370 608 chus
1394 533 1486 610 hane
1512 538 1634 626 affert,
1667 539 1722 612 Ne
1751 539 1833 634 quis
1861 540 2021 630 neglecta
2043 536 2284 632 Reipublicae

230 655 352 732 sumit.
1220 661 1223 668 ·
1282 661 1367 710 cura
1381 654 1416 712 et
1430 641 1554 724 salute,
1607 643 1729 718 rivatis
1742 657 1884 718 tantum
1899 641 2096 736 commodis
2110 641 2284 722 studeret,

1171 729 1182 748 ⁹
1283 754 1318 812 et
1331 765 1415 818 suae
1429 668 1683 839 tranquillitati
1697 747 1910 821 consuleret.

333 854 424 926 Tale
444 871 617 942 organum
637 848 788 918 electum
807 845 914 918 etiam
933 841 993 916 hic
1010 855 1132 916 noster
1151 841 1234 926 luit,
1375 927 1380 936 ¹

232 961 297 1058 qui
312 957 582 1050 dispositionem
602 965 638 1024 et
652 950 816 1022 ordinem
833 948 1119 1040 disputationum
1143 969 1232 1037 pau·
1321 1019 1323 1026 ,
1387 945 1472 1020 Fuit
1488 961 1604 1018 autem
1618 943 1665 1022 D.
1681 943 1870 1042 Philippus
1888 963 2014 1024 natura
2029 949 2108 1023 miti
2125 948 2287 1040 ingenio,

231 1069 388 1136 linarum
409 1061 449 1130 in
462 1055 637 1150 Epistolis
656 1056 701 1122 de
723 1052 975 1124 lustificatione
999 1049 1149 1144 gratuita
1173 1071 1232 1118 so·
1284 1049 1464 1122 studiosus
1482 1050 1596 1144 pacis,
1617 1065 1654 1124 et
1670 1053 1899 1139 concordiae,
1925 1076 2049 1126 amans
2072 1051 2285 1145 tranquilli·

233 1169 305 1241 lius
322 1164 405 1238 fidei
428 1186 470 1236 ex
496 1156 738 1230 misericordia
763 1155 850 1238 Dei,
878 1168 1024 1247 propter
1047 1153 1173 1222 merita
1192 1150 1231 1222 in
1284 1153 1384 1240 tatis,
1409 1147 1598 1229 abhorruit
1619 1155 1665 1226 ab
1689 1155 1857 1226 omnibus
1879 1157 2055 1234 seditiosis
2072 1169 2107 1225 et
2124 1156 2285 1230 tribuni-

233 1267 438 1352 Christum,
460 1262 598 1356 Spiritu
612 1275 733 1332 sancto
748 1259 902 1332 Doctore
917 1259 1055 1349 primus
1067 1255 1232 1328 animad-
1284 1255 1345 1328 tiis
1365 1256 1543 1344 consiliis,
1575 1259 1796 1344 moderatus,
1824 1271 1859 1330 et
1881 1284 1964 1332 vere
1982 1255 2136 1354 ἠθικος,
2163 1271 2285 1348 gratus

234 1373 360 1458 vertit,
386 1383 421 1440 et
436 1363 614 1442 Ecclesiae
629 1363 853 1436 monstravit.
889 1423 894 1430 .
907 1359 1017 1449 Quod
1032 1359 1142 1448 igitur
1158 1357 1233 1426 usi-

235 1489 311 1552 tata
333 1469 648 1553 scholasticorum,
679 1480 714 1540 et
729 1459 994 1536 Monachorum
1017 1461 1144 1532 deliria
1167 1483 1232 1551 po-

234 1580 330 1664 tius,
355 1589 460 1670 atque
477 1585 695 1652 commenta,
722 1592 827 1662 quam
843 1567 926 1638 fidei
944 1569 1108 1655 dogmata
1126 1585 1234 1654 repu-

238 1679 372 1761 diavit,
397 1701 473 1747 non
494 1673 625 1767 puerili
640 1671 800 1754 levitate,
824 1668 1057 1758 incogitantia
1073 1680 1109 1736 et
1123 1680 1234 1736 teme-

237 1777 351 1856 ritat'e'
364 1781 498 1851 lactum
511 1791 572 1846 est.
623 1773 697 1844 Nec
710 1769 863 1843 Lutheri
886 1772 1071 1854 societate,
1096 1768 1154 1838 vel
1170 1792 1234 1837 au-

238 1886 383 1959 toritate
396 1895 515 1952 motus
529 1879 564 1948 id
580 1877 675 1951 lecit.
726 1873 823 1946 Dum
840 1875 935 1945 enirn
958 1870 1018 1944 hic
1039 1873 1233 1945 etiamnum

115 2071 118 2086 ,
238 1989 394 2071 viveret,
418 1983 583 2066 inutiles,
617 1981 799 2073 spinosas,
834 1979 1037 2057 intricatas,
1062 1991 1097 2048 et
1122 1973 1235 2046 frivo-

239 2093 293 2162 las
325 2084 619 2160 scholasticorum
652 2081 859 2175 opiniones,
900 2094 934 2150 et
968 2077 1235 2172 disputationes,

241 2196 401 2286 adeoque
422 2202 539 2260 totum
560 2185 652 2254 illud
674 2183 857 2254 doetrinae
882 2206 1017 2274 genus,
1049 2181 1147 2278 quod
1172 2203 1236 2248 ne-

241 2298 352 2388 glecta
377 2300 619 2362 sacrosanctae
640 2286 836 2384 scripturae
861 2283 1070 2368 autoritate,
1095 2277 1237 2352 Aristo-

240 2400 348 2470 telem
365 2419 446 2466 cum
463 2387 661 2480 Theologia
677 2389 884 2469 confundit,
910 2401 1000 2458 etex
1018 2387 1158 2458 duobus
1178 2386 1236 2452 in-

239 2501 350 2592 tegris
373 2519 488 2568 unum
513 2505 721 2583 corruptum
743 2491 845 2572 facit,
880 2490 1090 2561 traditiones
1118 2483 1238 2558 homi-

239 2627 330 2674 num
353 2623 435 2672 non*
450 2598 615 2689 scriptas,
640 2597 780 2664 decreta
806 2594 1034 2687 pontificum,
1057 2605 1092 2662 et
1117 2589 1238 2661 conci·

239 2707 391 2790 liorum,
422 2702 499 2774 sine
521 2699 598 2770 ullo
624 2696 830 2768 discrimine
851 2697 997 2788 recipit,
1029 2691 1237 2765 hominibus

210 2881 218 2894 ,
239 2807 455 2902 praetoriam
486 2801 746 2894 interpretandi
775 2800 987 2892 scripturam
1012 2797 1236 2867 autoritatem

238 2910 387 2995 tribuit,
418 2921 459 2978 ut
480 2906 519 2975 id
541 2927 669 2974 sonare
692 2915 856 2994 cogatur,
890 2903 987 2995 quod
1012 2901 1080 2991 ipsi
1101 2899 1240 2984 volunt,

242 3013 346 3110 quasi
368 3023 516 3104 propter
541 3007 681 3092 locum,
711 3019 745 3075 et
765 3006 914 3096 gradum
931 3026 1048 3072 errare
1066 3025 1141 3070 non
1156 3023 1239 3092 pos-

240 3119 324 3190 sint.
377 3111 456 3183 Hoc
479 3111 627 3206 inquam
643 3109 827 3180 doctrinae
842 3129 953 3200 genus
968 3119 1045 3176 tum
1063 3103 1201 3177 abiecit.

343 3319 416 3394 Sed
439 3317 631 3408 diligenter
652 3313 794 3406 scriptis
816 3307 1056 3408 propheticis,
1082 3325 1116 3384 et
1138 3306 1239 3403 Apo-

239 3423 374 3499 stolicis
395 3421 567 3504 evolutis,
595 3413 755 3490 adhibita
778 3417 883 3486 etiam
908 3431 1048 3510 patrum
1076 3415 1240 3500 lectione,

240 3543 352 3602 totam
372 3524 622 3620 antiquitatem
644 3519 841 3604 consuluit,
876 3533 910 3590 et
933 3517 1102 3600 contulit,
1135 3530 1239 3612 atque

239 3658 283 3706 ex
299 3627 367 3702 hac
389 3625 646 3716 sententiarum
668 3622 878 3708 collatione,
905 3619 1045 3714 Corpus
1060 3619 1238 3710 integrum

117 3725 119 3732 ’
169 3729 174 3738 ’
240 3727 426 3806 doctrinae
440 3725 660 3818 conscripsit,
687 3727 725 3792 in
742 3750 813 3818 quo
829 3747 952 3794 omnes
970 3723 1239 3818 propemodum,

242 3849 336 3908 certe
359 3832 565 3927 praecipuas
590 3825 826 3918 Theologicas
851 3827 1031 3912 materias,
1065 3851 1146 3896 cum
1177 3823 1239 3894 alii

241 3939 331 4010 alias
346 3948 486 4010 tautum
508 3931 713 4016 tractarint,
741 3931 946 4002 monstratis
964 3930 1055 3998 veris
1080 3927 1240 3998 lontibus

242 4049 284 4114 ex
301 4063 398 4114 sacra
413 4035 587 4130 scriptura
610 4047 661 4104 est
678 4033 899 4126 complexus,
926 4033 1033 4126 idque
1052 4030 1155 4102 solita
1177 4053 1239 4100 sua

243 4143 468 4221 dexteritate,
494 4138 590 4208 unde
611 4135 713 4206 facile
737 4135 936 4226 legentibus
960 4147 1126 4226 apparet,
1152 4132 1239 4226 quid

242 4249 288 4318 de
303 4243 453 4336 singulis
470 4239 653 4314 doctrinae
668 4231 890 4308 Christianae
905 4237 1066 4330 partibus
1080 4235 1240 4318 senserit,

243 4371 308 4420 nec
326 4370 416 4439 opus
432 4359 483 4418 est
501 4343 678 4426 arbitror,
705 4353 743 4412 ut
766 4341 893 4410 ordine
914 4361 1134 4423 recenseam,
1159 4361 1239 4411 cum

243 4463 337 4522 extet
352 4450 467 4534 liber,
490 4461 524 4518 et
540 4445 579 4516 in
591 4443 754 4515 omnium
771 4443 937 4514 manibus
951 4455 1120 4516 versetur.

347 4654 390 4728 ld
415 4652 604 4749 scriptum,
630 4649 727 4743 quod
750 4643 856 4714 initio
885 4639 1106 4738 hypotheses
1120 4641 1241 4721 Theo-

243 4760 394 4852 logicas,
427 4771 547 4852 postea
571 4753 668 4824 locos
693 4743 912 4838 theologicos
936 4747 1143 4840 appellavit,
1175 4751 1243 4822 ali-

246 4861 397 4958 quoties,
422 4861 528 4948 longo
545 4879 664 4926 rerum
681 4875 759 4938 usu,
782 4849 1094 4944 disputationibus,
1119 4851 1243 4924 lectio·

246 4991 313 5052 ne,
339 4979 373 5036 et
387 4959 562 5036 exercitiis
579 4957 719 5052 pietatis
735 4955 847 5042 magis
863 4953 1057 5027 instructus
1072 4978 1243 5045 recogno·
1298 4953 1446 5041 liginem
1473 4949 1715 5028 auditoribus,
1751 4963 1784 5020 et
1817 4949 2009 5020 lectoribus
2035 4949 2160 5020 voluit.
2221 4949 2294 5020 Nec

247 5069 319 5154 vit,
346 5081 382 5138 et
397 5061 638 5158 locupletavit·
682 5057 755 5132 Nec
772 5055 868 5126 enim
883 5069 923 5127 ut
938 5056 1097 5150 privatae
1114 5081 1244 5128 consu-

246 5172 336 5244 leret
355 5165 626 5261 tranquillitati,
659 5161 798 5232 medius
822 5172 882 5230 aut
909 5183 1001 5244 esse,
1033 5174 1095 5230 aut
1120 5155 1244 5230 haberi

1285 1358 1470 1445 omnibus,
1507 1373 1547 1432 ut
1580 1360 1730 1445 scimus,
1767 1376 1803 1434 et
1835 1362 1876 1434 in
1908 1383 2046 1441 summa
2080 1361 2285 1434 autoritate.

1287 1459 1442 1556 Ideoque
1456 1463 1559 1534 facile
1575 1462 1605 1532 si
1619 1463 1801 1546 voluisset,
1828 1463 1868 1534 in
1885 1479 1961 1538 tuto
1978 1487 2051 1536 esse
2069 1478 2223 1557 poterat,
2251 1479 2285 1537 et

1287 1565 1365 1634 ocio
1387 1565 1541 1636 studere.
1592 1563 1666 1639 Nec
1690 1568 1809 1641 deerat
1835 1587 1986 1640 acumen
2018 1567 2174 1658 ingenii,
2209 1591 2285 1638 non

1288 1666 1463 1752 eruditio,
1489 1681 1530 1738 ut
1550 1668 1652 1738 facile
1675 1671 1830 1761 potuerit
1853 1671 2285 1760 conciliationesdogma-

1287 1783 1364 1840 tum
1394 1770 1530 1840 fucatas
1557 1770 1761 1857 instituere,
1793 1773 2003 1868 flexiloqua,
2038 1772 2226 1862 ambigua,
2253 1789 2286 1844 et

1288 1895 1378 1966 quae
1392 1872 1431 1942 in
1448 1888 1638 1968 utramque
1659 1889 1797 1968 partem
1812 1875 2016 1970 detorqueri
2031 1890 2196 1968 possent,
2223 1900 2286 1944 vo-

1288 1975 1414 2046 cabula
1439 1977 1647 2068 excogitare.
1707 1976 1779 2050 Sed
1808 1979 1878 2052 fuit
1901 1993 2086 2060 constans,
2119 2001 2187 2048 nec
2213 1979 2287 2048 suis

1289 2079 1486 2150 commodis
1509 2094 1742 2172 attemperare
1766 2081 1991 2172 religionem,
2016 2105 2082 2152 nec
2100 2081 2287 2152 doctrinae

1288 2203 1417 2271 genus,
1445 2184 1541 2275 quod
1559 2198 1708 2256 noverat
1724 2209 1806 2256 cunr
1820 2207 1918 2256 sarra
1937 2183 2112 2277 scriptura
2134 2207 2286 2256 eonsen-

1290 2285 1376 2366 tire,
1412 2298 1569 2366 mutare,
1604 2301 1666 2360 aut
1695 2287 1911 2360 colludendo
1938 2311 2020 2362 eum
2046 2285 2284 2367 Adversariis,

1289 2389 1441 2480 prodere
1456 2389 1583 2464 voluit.

1387 2594 1467 2668 Hoc
1479 2619 1594 2668 unum
1609 2596 1649 2666 in
1664 2591 1848 2682 Erasmo,
1874 2621 1979 2692 quem
1994 2597 2129 2690 optime
2144 2603 2189 2668 ds
2205 2599 2286 2670 lite·

1290 2701 1340 2776 ris
1358 2700 1547 2786 meritum,
1573 2699 1863 2790 magnifaciebat,
1888 2701 2088 2774 desiderare
2109 2725 2192 2772 eum
2213 2728 2287 2774 me·

1291 2804 1399 2889 mini,
1420 2805 1517 2896 quod
1536 2826 1610 2872 non
1628 2817 1746 2894 aperte
1764 2827 1864 2876 suam
1885 2805 2098 2878 sententiam
2120 2804 2161 2877 in
2184 2829 2286 2878 causa

1292 2920 1326 2981 et
1339 2905 1590 2977 controversiis
1604 2907 1786 2996 religionis
1801 2907 1943 2990 diceret,
1964 2909 2077 2982 nollet
2090 2908 2286 3000 periclitari

1291 3011 1337 3082 da
1355 3010 1427 3082 suis
1444 3009 1611 3094 fortunis,
1637 3023 1670 3080 et
1685 3009 1944 3082 existimatione
1959 3011 2118 3082 nominis
2133 3010 2204 3092 sui,
2227 3037 2285 3083 ne-

1292 3137 1361 3206 que
1375 3113 1600 3183 autoritatem
1618 3135 1730 3198 suam,
1752 3139 1822 3208 qua
1838 3116 1932 3205 apud
1941 3109 2069 3204 Reges,
2093 3111 2288 3208 Principes,

1291 3215 1517 3299 Cardinales‚
1544 3209 1757 3306 Episcopus,
1782 3231 1816 3288 et
1833 3217 1981 3287 omnino
1997 3240 2121 3286 omnes
2140 3217 2288 3308 polleret

1292 3317 1507 3410 plurimum,
1532 3318 1785 3409 interponeret,
1811 3345 1882 3412 quo
1898 3318 2100 3411 Religionis
2112 3333 2149 3392 et
2165 3315 2288 3390 Eccle-

1292 3422 1364 3494 siae
1377 3434 1487 3492 status
1512 3422 1769 3496 emendaretur.
1821 3421 1958 3494 Audivi
1981 3424 2077 3494 enim
2100 3423 2287 3502 dicentem,

1292 3525 1389 3617 quod
1412 3547 1556 3594 cumea
1579 3523 1623 3592 de
1646 3521 1701 3604 re,
1736 3524 1869 3613 scripto
1891 3525 2008 3596 virum
2033 3527 2288 3606 admonuisset,

1292 3650 1367 3696 non
1382 3625 1480 3698 aliud
1495 3625 1618 3696 tulerit
1627 3649 1863 3718 responsum,
1893 3651 1999 3721 quam

1376 3764 1542 3861 l'pyn'reaiv
1550 3823 1560 3855 ,
1588 3774 1701 3855 βουλαὶ
1716 3773 1751 3839 dl
1763 3777 1884 3858 prodr,
1910 3771 1996 3858 εὐχαὶ
2012 3775 2048 3840 δὲ
2060 3771 2227 3860 γερόντων.

1293 3917 1505 4008 Significans
1517 3941 1554 3986 se
1570 3917 1640 3986 iam
1654 3917 1752 3986 senio
1768 3917 1980 4002 consectum,
2005 3918 2170 4008 precibus
2186 3945 2290 3990 occu-

1293 4023 1388 4114 pari:
1407 4017 1546 4113 ,ltaque
1570 4015 1637 4113 hoc
1662 4020 1847 4110 negocium
1877 4020 1955 4088 aliis
1981 4021 2289 4108 cornmittendum,

1294 4125 1424 4220 quibus
1449 4117 1566 4194 adhuc
1595 4123 1747 4194 maiores
1770 4138 1886 4194 essent
1910 4123 2022 4210 vires,
2048 4124 2111 4218 qni
2140 4125 2291 4210 labores,

1292 4242 1328 4300 et
1348 4251 1457 4298 onera
1478 4227 1748 4318 gubernationis
1774 4226 1910 4319 possint
1934 4227 2047 4318 serre,
2082 4239 2119 4300 et
2139 4229 2290 4302 consilio

1293 4331 1464 4402 valerent.
1729 4327 1737 4340 '

1400 4538 1481 4610 Non
1504 4538 1584 4608 talis
1608 4551 1728 4606 noster
1745 4537 1831 4617 luit,
1858 4549 1897 4606 ut
1921 4537 2049 4607 callide
2068 4524 2168 4607 suam
2186 4538 2291 4608 dissi-

1297 4645 1450 4716 mularet
1473 4641 1704 4729 sententiam,
1736 4663 1781 4708 ne
1803 4655 1950 4732 propter
1970 4640 2232 4712 consessionem
2255 4641 2291 4710 in

1297 4746 1488 4818 discrimen
1518 4744 1627 4814 vitam
1659 4757 1694 4812 et
1716 4742 1878 4815 fortunas
1907 4745 2110 4815 adduceret.
2170 4742 2293 4839 Neque

1297 4851 1482 4938 ambiguo,
1507 4860 1571 4916 ¹aut
1601 4843 1798 4938 improprio
1825 4868 1988 4918 sermone
2018 4847 2206 4918 offundere
2239 4871 2294 4918 ca-

1267 5013 1272 5094 l
1298 5055 1395 5124 enim
1412 5053 1450 5122 in
1466 5051 1690 5144 dogmatibus
1705 5052 1791 5121 lusit
1806 5052 1979 5142 lingendis
1992 5052 2096 5123 novis
2108 5051 2294 5144 opinioni-

1297 5160 1375 5237 bus,
1403 5170 1464 5227 aut
1479 5155 1852 5245 interpretationibus,
1878 5179 1944 5224 nec
1960 5179 2053 5224 nova
2070 5171 2293 5228 commentus

248 5273 374 5344 voluit.
411 5269 491 5340 Hoc
509 5246 555 5338 ne
570 5265 683 5340 Solon
700 5263 845 5363 quidem
865 5263 902 5330 in
915 5257 1058 5352 Repub.
1075 5285 1137 5334 sua
1154 5264 1244 5334 lere·
1298 5273 1350 5331 est
1367 5261 1529 5349 dogmata
1546 5257 1750 5352 antiquitati
1767 5257 1905 5346 ignota,
1931 5257 2071 5328 tametsi
2086 5256 2223 5329 valeret
2238 5261 2295 5327 in-

246 5378 327 5462 bat,
351 5388 393 5446 ut
415 5385 512 5444 mota
537 5367 731 5452 seditione,
756 5377 920 5436 neutram
944 5363 1024 5460 quis
1052 5365 1244 5438 factionem
1299 5363 1422 5456 genio,
1449 5361 1669 5444 eruditione,
1695 5373 1729 5430 et
1754 5359 1876 5430 multis
1902 5360 1982 5432 aliis
2004 5361 2110 5434 rebus
2129 5373 2220 5432 esset
2239 5362 2294 5428 in-

247 5491 473 5574 sequeretur,
507 5475 567 5546 sed
590 5467 789 5542 honoribus
812 5468 919 5552 tales,
952 5491 1042 5560 quos
1059 5467 1246 5542 Neutrales
1302 5479 1473 5546 structus,
1506 5477 1726 5536 nontamen
1758 5476 1896 5536 tantum
1922 5463 1990 5536 sibi
2017 5462 2199 5555 permisit,
2230 5485 2295 5534 nec
