4686 6172
91 314 172 393 858

91 496 260 566 deantur.
317 487 416 562 Haec
436 491 634 582 petulantia
663 492 703 564 in
732 487 799 563 hac
822 487 1026 578 Anarchia,
1058 505 1092 562 et

90 592 350 668 dilaceratione
381 593 614 684 imperiorum
646 611 681 668 et
703 593 966 682 Ecclesiam,
1000 589 1090 686 proh

90 700 216 782 dolor,
243 711 383 767 crescet.
434 693 556 786 Quare
571 698 621 789 pii
637 712 670 768 et
684 699 860 790 sapientes
874 699 1091 788 gubernato-

91 826 152 874 res
164 802 359 896 prudenter
374 799 528 888 cogitare
543 801 674 871 debent
688 803 733 870 de
747 801 866 870 nervia
881 803 1090 872 concordiae

90 907 132 974 in
149 901 336 986 Ecclesiis,
362 925 453 996 qnae
467 917 563 974 recte
576 899 692 974 Deum
709 904 887 978 invocant.

196 1021 282 1094 Fuit
306 1019 485 1090 laudanda
508 1021 661 1111 gravitas
688 1017 867 1092 Ecclesiae
893 1016 1091 1092 Antioche-

89 1151 180 1211 nae,
204 1147 295 1219 qnae
318 1147 398 1192 curn
413 1119 683 1196 samosatenum
701 1126 918 1206 damnasset,
947 1139 1090 1195 contro·
1174 1187 1181 1202 ‚

88 1229 206 1300 versia
222 1226 349 1298 ordine
364 1227 522 1316 cognita,
551 1227 677 1319 petivit
693 1229 738 1298 ab
756 1223 953 1298 Aureliano
973 1226 1090 1318 Impe-

88 1345 232 1416 ratore,
260 1353 464 1424 quanquam
480 1325 657 1416 Ethnieo,
684 1343 725 1400 ut
746 1331 893 1422 pelleret
908 1331 995 1400 :arbe
1012 1325 1091 1400 An-

89 1430 227 1510 tiochia
253 1431 537 1506 samosatenum.
597 1430 693 1502 Huic
708 1434 891 1528 petitioni,
916 1433 999 1527 quia
1015 1455 1090 1502 rem

89 1538 285 1611 iudicatam
310 1559 384 1604 esse
409 1559 429 1604 a
452 1535 617 1627 plurimis
631 1531 818 1629 Episcopis
841 1535 973 1608 virtute
989 1559 1092 1629 prae·

89 1641 271 1714 stantibus
287 1637 467 1723 audierat,
493 1638 661 1713 adsensit

193 1757 411 1853 Respondeo
427 1756 538 1852 igitur
559 1759 604 1830 de
620 1773 681 1832 tua
701 1761 909 1854 quaestione
922 1759 1091 1834 breviter.

195 1877 321 1970 Turpe
352 1889 404 1947 est
429 1876 600 1967 cogitare,
633 1875 882 1969 Magistratum
905 1880 1091 1972 politicum

93 1999 236 2059 tantum
261 1981 360 2051 velut
383 1977 674 2066 Armenlarium,
706 1984 888 2052 custodem
913 2007 987 2055 esse
1014 2007 1093 2054 cor-

94 2113 236 2182 porum.
293 2081 401 2153 Prius
427 2083 583 2154 officium
608 2097 678 2170 est,
714 2085 867 2154 retinere
889 2110 1008 2156 veram
1025 2083 1093 2157 Dei

97 2190 268 2261 noticiam
285 2185 324 2256 in
338 2207 464 2278 genere
480 2181 658 2272 humano,
683 2199 717 2257 et
732 2187 971 2280 disciplinam.
1008 2187 1092 2258 ldeo

97 2292 259 2384 regulam
284 2302 458 2360 tenemus:
499 2285 729 2380 Magistratus
767 2305 819 2363 est
848 2306 965 2362 custos
996 2291 1094 2382 legis,

99 2393 266 2464 videlicet
280 2391 411 2484 primae
427 2406 461 2463 et
478 2393 652 2463 secundae
674 2389 838 2470 tabulae.
877 2393 1026 2470 Necesse
1042 2409 1094 2468 est

99 2499 210 2588 igitur
232 2495 276 2566 ab
305 2519 346 2565 eo
367 2495 446 2564 tolli
468 2489 715 2590 blasphemos,
747 2498 927 2590 periuros,
961 2524 1093 2592 magos.

95 2597 144 2672 Et
171 2601 265 2670 inter
288 2593 514 2688 blasphemos
533 2611 635 2684 sunt,
660 2599 723 2692 qui
743 2597 925 2670 ldolorum
945 2603 1094 2690 cultum,

95 2718 156 2774 aut
172 2697 332 2772 haereses
348 2715 466 2792 aperte
481 2714 678 2795 pugnantes
694 2726 773 2772 curn
786 2700 986 2798 Symbolis,
1011 2729 1093 2800 per-

95 2806 261 2880 tinaciter
279 2804 488 2878 defendunt.

200 2922 310 3015 Quod
335 2936 452 2996 autem
473 2923 658 2996 obiicitur:
686 2919 869 2998 Christum
887 2949 961 2998 nou
977 2921 1095 2996 sanci-

95 3055 136 3102 re
152 3026 326 3122 supplicia
343 3050 554 3120 corporum,
579 3041 719 3102 tantum
734 3028 837 3100 dicit:
863 3028 985 3100 sittibi
996 3027 1095 3098 velut

94 3127 286 3206 Etbuicus.
330 3125 388 3202 Ad
407 3125 474 3202 hoc
491 3130 678 3202 manifesta
691 3132 874 3225 responsio
892 3145 960 3204 est:
985 3125 1094 3202 Chri-

95 3249 172 3308 stus
188 3237 234 3306 de
256 3231 401 3303 iudiciis
415 3229 594 3304 Ecclesiae
610 3234 788 3330 loquitur,
822 3260 897 3304 non
919 3238 963 3306 de
981 3235 1095 3326 impe·

94 3337 172 3410 riis.
230 3333 368 3406 Interea
394 3349 510 3405 tamen
532 3337 706 3430 adprobat
729 3338 881 3430 politiae.
933 3335 982 3410 Et
999 3351 1094 3408 certe

95 3444 213 3536 ipsam
237 3439 348 3530 legem
374 3438 465 3522 Dei,
499 3455 664 3532 quaeest
693 3441 875 3534 sapientia]
892 3455 928 3512 et
955 3440 1093 3510 iusticia

95 3543 186 3630 Dei,
217 3565 292 3612 111
317 3541 435 3610 abolet
449 3535 626 3616 Christus.
676 3541 750 3614 Lex
772 3547 867 3616 bona
882 3558 950 3628 cst,
975 3543 1094 3638 inquit

94 3647 250 3730 Paulus,
288 3643 444 3734 legitime
470 3644 601 3730 utenti3
645 3641 750 3716 Item:
790 3646 864 3718 Lex
896 3649 1010 3740 posita
1043 3658 1095 3716 est

97 3749 220 3842 impiis
241 3760 277 3818 et
299 3740 512 3840 prophanis,
542 3747 606 3816 ubi
630 3761 722 3820 certe
748 3744 972 3840 blasphemos
995 3773 1095 3840 cpm·

97 3852 265 3948 plectitur
283 3847 430 3924 Paulus.
485 3845 550 3920 llla
574 3873 658 3920 vero
682 3851 827 3944 querela
852 3853 895 3922 dc
912 3851 1094 3946 Tyrannis

97 3951 329 4028 abutentibus
355 3949 527 4045 imperio,
567 3966 602 4024 et
636 3953 880 4026 exercentibus
906 3955 1092 4024 saeviciam

97 4055 168 4130 hoc
185 4067 390 4150 praetextu,
416 4075 491 4124 non
507 4055 660 4126 abducat
677 4056 755 4145 pios
773 4053 991 4150 Principesa
1010 4080 1094 4128 cura

97 4159 364 4252 cognoscendae
378 4157 583 4244 doctrinae,
609 4171 644 4228 et
660 4158 729 4230 rite
741 4160 868 4230 tuendi
883 4183 1094 4232 consensum

96 4269 140 4336 in
155 4285 239 4332 vera
255 4260 430 4333 doctriua.
481 4255 634 4330 Peccant
649 4257 814 4356 Tyranni
832 4287 893 4348 eo,
919 4263 1002 4358 quia
1019 4263 1095 4332 sine

97 4365 258 4458 legitima
279 4361 482 4454 cognitione
497 4355 662 4432 homines
684 4363 916 4440 interficiunt.
969 4363 1096 4456 Qualis

97 4484 218 4544 autem
242 4466 463 4538 instituenda
484 4465 530 4536 sit
553 4465 727 4556 cognitio,
762 4467 824 4562 qni
852 4469 942 4538 ordo
972 4467 1095 4538 iudicii

98 4595 174 4646 esse
201 4569 345 4652 debeat,
385 4567 542 4640 ostendit
574 4567 742 4662 Synodus
775 4569 1029 4661 Apostolorum
1057 4567 1095 4639 in

98 4671 213 4748 Actis.
265 4667 314 4742 Et
333 4661 497 4742 Christus
517 4669 651 4764 inquit:
686 4668 755 4742 Dic
780 4667 973 4744 Ecclesiae.
1023 4669 1098 4742 Nec

100 4773 372 4872 Tyrannidem,
404 4795 471 4842 nee
500 4767 762 4844 Democratiam
795 4774 1001 4855 coustituit,
1034 4775 1095 4844 sed

98 4880 181 4952 vult
201 4875 321 4948 audiri
345 4873 503 4944 eruditos
527 4875 566 4942 iu
587 4871 764 4962 Ecclesia,
798 4891 839 4950 ut
860 4891 1015 4948 vetustas
1040 4877 1098 4946 in·

99 4982 196 5079 quit:
241 4973 286 5052 ori
312 4967 465 5070 πλήθει,
501 4971 595 5048 :illd
625 4970 805 5074 ἐπιστήμῃ
835 4973 895 5052 clei
910 4971 1097 5067 δικάζειν.

100 5085 185 5158 Non
220 5079 470 5162 multitudine,
504 5081 567 5148 sed
597 5080 745 5152 scientia
775 5082 1007 5154 iudicandum
1036 5095 1099 5156 est.

100 5187 251 5264 Utinam
264 5197 380 5256 autem
398 5196 487 5254 esset
504 5181 582 5254 talis
599 5195 635 5254 et
650 5185 766 5254 nostri
779 5185 948 5280 temporis
962 5184 1098 5256 loelici-

101 5309 177 5376 tas,
201 5285 454 5380 utaliquando
476 5283 528 5375 pii
552 5298 588 5355 et
610 5286 743 5358 eruditi
762 5289 955 5360 convenire
970 5301 1004 5359 et
1020 5287 1100 5380 pla·

100 5395 180 5468 cide
194 5387 356 5462 conierre
371 5387 601 5478 cogitationes
617 5403 772 5480 possent.
823 5387 921 5466 Diri.

696 313 1117 412 Quaus'rtotttts
1152 309 1549 392 ACADEMICAE·

2063 311 2138 394 ast

1868 497 2023 564 armar,
2036 497 2133 563 1111.

1851 591 2134 626 Μ

1151 489 1236 565 111.
1252 489 1315 561 dd.

1149 587 1363 628 “a

1213 708 1372 836 1113113ιὲ
1392 729 1418 834 p:
1434 707 1522 836 lllltlll.
1533 717 1639 834 squet
1652 707 1682 763 ia
1697 707 1752 765 set
1766 704 1893 764 11111111.
1915 707 1950 764 Τ.
1965 703 2013 764 111.
2032 723 2061 778 p.
2072 703 2134 760 869.

1273 801 1281 836 1
1336 801 1378 834 1.
1419 815 1427 836 .
1484 800 1531 852 .p.
1604 817 1613 838 0

1145 943 1326 1028 Quaestio
1357 945 1554 1042 proposita
1590 961 1615 1013 1
1646 943 1753 1038 Mop.
1779 941 1988 1034 despero
2014 939 2133 1012 dres-

1145 1051 1326 1145 119111,
1366 1043 1445 1148 filio
1488 1039 1670 1119 Doctoris
1702 1045 1812 1136 desp.
1848 1047 2056 1140 0111119111,
2097 1039 2130 1114 d.

1473 1146 1663 1223 2111111.
1692 1145 1804 1223 155⁶.

1143 1290 1231 1376 Nisi
1248 1323 1305 1370 me
1321 1302 1542 1372 consuetudo
1556 1295 1707 1374 Scholae
1725 1311 1760 1372 et
1775 1297 2050 1390 Praeceptorum
2065 1323 2131 1370 au-

1144 1404 1268 1476 toritas
1289 1416 1490 1488 excusaret,
1513 1417 1713 1489 verentem,
1746 1427 1793 1474 ne
1816 1403 2027 1496 cuiusquam
2048 1425 2128 1472 meo

1145 1505 1306 1599 exemplo
1331 1507 1553 1578 contumacia
1570 1508 1816 1587 confirmetur,
1844 1506 1894 1591 si,
1918 1503 2036 1575 dicere
2054 1504 2129 1576 ius-

1145 1634 1205 1684 sus
1226 1609 1265 1680 io
1290 1623 1387 1682 tanta
1413 1609 1632 1704 frequentia,
1663 1623 1806 1706 tamque
1833 1608 2040 1678 venerando
2063 1604 2131 1680 Se·

1145 1715 1288 1784 niorum
1305 1735 1489 1800 consessu,
1503 1728 1537 1786 et
1552 1713 1807 1784 imbecillitatis
1820 1733 1919 1783 meae
1934 1705 2024 1780 mihi
2040 1731 2128 1780 con·

1144 1817 1257 1901 scius,
1289 1829 1325 1888 et
1345 1829 1474 1888 natura
1502 1815 1683 1902 timidior,
1705 1811 1781 1886 has
1812 1837 1938 1908 operas
1964 1813 2129 1904 defugere

1146 1943 1267 1994 coner:
1295 1920 1394 1990 nulla
1412 1917 1642 2014 quantumvis
1664 1919 1844 1991 elaborata
1860 1917 2025 1989 oratione
2041 1939 2129 1986 con·

1145 2023 1248 2118 sequi
1262 2047 1319 2096 me
1336 2047 1438 2118 posse
1455 2023 1692 2108 confiderem,
1714 2047 1760 2092 ne
1775 2023 1820 2092 de
1836 2020 1983 2114 ingenio
2003 2032 2040 2090 et
2060 2044 2125 2090 vo·

1145 2130 1283 2202 luotate
1299 2151 1375 2200 mea
1393 2127 1553 2221 plerique
1568 2139 1723 2198 vestrum
1746 2125 1853 2218 paulo
1875 2123 1989 2196 secius
2012 2122 2128 2214 suspi-

1145 2245 1323 2306 carentur.
1381 2228 1454 2302 Sed
1478 2255 1560 2301 curn
1594 2241 1747 2314 constet,
1785 2252 1805 2299 a
1836 2225 1963 2311 nobis,
1997 2223 2129 2318 quibus

1147 2331 1233 2408 haec
1254 2333 1428 2426 alegibus
1450 2346 1485 2406 et
1511 2357 1597 2404 voce
1611 2329 1889 2425 Praeceptorum
1910 2327 2127 2400 necessitatis

1147 2439 1366 2532 imponitur,
1403 2437 1522 2529 potius
1551 2435 1797 2508 observantiae
1818 2459 1898 2528 erga
1930 2431 2129 2526 superiores

1146 2555 1252 2636 atque
1273 2539 1498 2612 obedientiae
1527 2539 1684 2610 officium
1718 2539 1809 2630 exigi
1843 2535 1958 2634 (qnod
1983 2535 2128 2630 quidem

1146 2647 1224 2714 sine
1247 2643 1385 2713 nefario
1412 2643 1561 2728 scelere,
1602 2642 1666 2714 tali
1692 2643 1898 2736 praesertim
1923 2655 1958 2710 et
1981 2637 2060 2708 loco
2093 2649 2129 2707 st

1146 2761 1324 2839 tempore,
1348 2745 1480 2836 negligi
1496 2769 1536 2814 ac
1551 2743 1783 2836 praetermitti
1802 2744 1860 2814 vix
1874 2742 2001 2836 possit)
2019 2761 2127 2834 qnam

1146 2849 1329 2921 doctrinae
1351 2847 1604 2941 perlectionem
1634 2857 1696 2916 aut
1718 2846 1882 2916 eximiam
1906 2843 2049 2916 dicendi
2075 2844 2130 2912 la-

1147 2953 1315 3025 cultatem
1337 2951 1489 3046 requiri:
1522 2963 1728 3022 reverenter
1752 2973 1838 3033 oro,
1873 2963 1912 3019 ut
1935 2939 2129 3017 111111111-

1146 3055 1308 3129 stissimis
1324 3055 1500 3125 maiorum
1516 3051 1689 3124 institutis
1708 3054 1866 3146 modeste
1879 3053 2130 3141 obtemperan-

1147 3177 1237 3248 tem,
1269 3182 1338 3252 qua
1362 3156 1613 3241 consuevistis,
1646 3149 1867 3226 humanitate
1895 3179 1936 3226 ae
1966 3151 2130 3226 comitate
2237 3143 2244 3158 ⁸

1146 3262 1324 3347 toleretis,
1350 3261 1508 3354 bonique
1523 3259 1714 3330 consulatis
1727 3259 1941 3328 mediocrem
1966 3255 2129 3328 111ιί111-

1147 3367 1263 3438 culam
1279 3365 1444 3435 derebus
1459 3360 1743 3432 consideratione
1760 3360 1896 3452 dignis,
1922 3383 1988 3431 nec
2003 3359 2129 3430 absnr2

1146 3473 1192 3541 de
1207 3467 1378 3558 cogitatis.
2117 3481 2121 3493 ·

1248 3569 1340 3642 Cum
1360 3592 1445 3640 vero
1467 3567 1636 3638 usitatum
1659 3567 1724 3653 sit,
1746 3567 1784 3636 in
1811 3560 1867 3635 his
1885 3563 2131 3655 congressibus

1147 3697 1345 3770 proponere
1360 3672 1620 3766 quaestionem,
1635 3693 1727 3764 quae
1743 3669 1799 3739 vel
1817 3667 2129 3738 commonefactio·

1147 3803 1228 3848 nem
1244 3775 1474 3846 necessariam
1492 3787 1528 3844 et
1542 3773 1666 3842 utilem
1684 3775 1728 3842 de
1744 3769 1928 3842 communi
1943 3771 2015 3842 viu
2031 3793 2129 3840 com·

1148 3882 1331 3975 plectatur,
1356 3877 1412 3946 vel
1430 3891 1562 3969 partem
1579 3875 1735 3970 aliquam
1754 3875 1937 3946 doctrinae
1950 3867 2130 3944 Ecclesiae

1147 3985 1326 4056 contineat
1341 3993 1377 4051 et
1393 3979 1555 4072 explicet:
1578 4001 1642 4068 ego
1662 4001 1804 4073 quoque
1821 3977 1974 4046 eundem
1992 3997 2129 4044 morem

1147 4087 1308 4159 servabo.
1358 4081 1482 4176 ltaque
1501 4081 1741 4176 quaestionem
1762 4101 1940 4172 propono:
1992 4073 2129 4150 Utrum

1148 4183 1257 4290 λόγος
1285 4185 1325 4256 ta
1351 4181 1571 4265 narratione
1595 4177 1785 4253 Iohannis
1809 4174 1987 4278 Apostoli
2006 4197 2130 4274 perso·

1148 4317 1238 4364 num
1259 4283 1470 4385 significet?
1499 4289 1537 4358 id
1562 4300 1632 4372 est,
1656 4279 1917 4382 tiptmnue‘rqv
1938 4282 2129 4372 imaginem

1149 4395 1285 4466 aeterni
1307 4391 1441 4473 Patris,
1467 4393 1604 4475 vivam,
1629 4389 1905 4478 intelligentam,
1929 4385 2131 4456 incommu-

1149 4497 1358 4576 nicabilem,
1389 4517 1431 4564 sc
1452 4493 1655 4563 distinctam
1676 4489 1818 4562 aPatre
1832 4501 1868 4560 et
1891 4487 2028 4580 Spiritu
2049 4509 2128 4557 san·

1149 4599 1230 4672 cto?
1280 4595 1340 4670 An
1364 4619 1449 4666 vero
1477 4607 1742 4666 evanescentem
1768 4589 2037 4682 cogitationem,
2068 4611 2131 4660 seu

1152 4727 1272 4774 vocem
1295 4713 1558 4778 transeuntem,
1581 4709 1642 4768 aut
1663 4695 1887 4788 propositum
1910 4715 1985 4763 non
2011 4693 2132 4764 vivum

1152 4831 1216 4876 nec
1230 4801 1459 4894 intelligens?
1509 4799 1604 4890 Quia
1623 4799 1718 4868 enim
1740 4819 1881 4868 necesse
1903 4807 1956 4866 est
1975 4798 2013 4864 in
2034 4795 2135 4866 omni

1152 4931 1233 4978 vera
1249 4905 1475 4976 invocatione
1489 4903 1537 4972 ita
1556 4903 1729 4974 duntaxat
1743 4896 1860 4970 Deum
1877 4897 2011 4970 intueri
2031 4909 2067 4968 et
2082 4897 2135 4966 al-

1153 5009 1269 5106 loqui,
1295 5007 1386 5078 sicnt
1400 5029 1474 5075 sese
1491 5007 1575 5074 dato
1595 5017 1691 5076 certo
1707 5003 1817 5073 verbo
1837 5000 2017 5094 patefecit,
2043 5013 2137 5072 certe

1152 5111 1387 5184 necessarium
1411 5123 1447 5180 et
1467 5107 1556 5178 utile
1578 5119 1651 5192 est,
1677 5108 1722 5176 de
1746 5100 1812 5174 bac
1829 5099 2001 5174 lobannis
2017 5102 2139 5172 erodi·

1152 5213 1285 5288 tissima
1302 5209 1507 5284 narratione
1520 5232 1624 5302 saepe
1637 5207 1863 5301 multumque
1876 5203 2039 5295 cogitare.
2064 5202 2159 5298 lmo·

1154 5317 1294 5414 quoties
1319 5315 1359 5384 in
1383 5313 1609 5384 invocatione
1628 5325 1688 5382 tua
1705 5333 1830 5379 verum
1846 5306 1984 5392 Deum,
2011 5305 2139 5374 condi·

1153 5436 1269 5492 torem
1294 5417 1384 5488 coeli
1409 5429 1443 5488 et
1467 5429 1582 5487 terrae
1609 5415 1654 5484 ab
1679 5413 1849 5483 omnibus
1882 5406 2144 5481 commenticiis
2185 5427 2190 5438 ·

1155 5522 1367 5596 numinibus
1394 5533 1429 5592 et
1454 5519 1563 5590 idolis
1590 5516 1773 5590 mentione
1799 5513 1864 5584 lilii
1888 5509 1973 5598 Dei,
1998 5509 2147 5586 Domini

1540 5618 1618 5697 51*
