4638 6176
81 295 143 373 tut

84 468 127 546 Ut
144 481 317 544 moneant
330 465 609 543 oerdsnrahsuia
624 464 792 563 trophaea
806 461 982 563 impotes,¹

125 571 196 645 Pro
215 573 340 669 patriis
354 569 461 646 etiarn
477 573 572 644 ferre
583 573 717 666 pericla
734 573 839 687 ¹iocis.
1061 630 1069 638 .

249 721 254 733 ’
294 731 454 840 ι,Τῖτιὶοο
478 747 592 798 statuas
616 738 812 821 epigramma.
872 826 876 834 ,

78 867 166 944 Com
191 863 312 942 Druai
334 867 383 938 ad
403 863 553 940 Troiam
578 877 777 958 posuerunt
801 875 915 936 cestra
939 860 1069 937 Mene-
1110 926 1129 953 „

593 961 717 1040 stheus

127 1071 216 1144 Dux
230 1071 281 1144 ihi
296 1067 469 1164 Cecropia
483 1070 612 1142 missus
625 1069 673 1142 ab
688 1052 779 1140 urhe
791 1066 872 1140 init.

75 1173 156 1248 Hoc
170 1174 283 1246 aciem
297 1197 406 1244 uerno
420 1173 548 1245 melius
563 1171 754 1262 disponere
767 1181 882 1254 norat,

128 1273 171 1350 Si
186 1276 330 1348 dubitas
345 1287 461 1346 certus
474 1273 578 1374 ⁸testis
591 1271 769 1350 Homerus
786 1271 867 1344 erit.

72 1377 179 1450 Hanc
195 1377 300 1452 etiam
317 1377 459 1450 laudern
476 1375 547 1448 sibi
563 1389 703 1468 postera
715 1373 883 1450 vendicat
894 1383 1002 1455 actas,
1057 1409 1064 1424 ι

121 1479 287 1577 quue
301 1479 420 1552 wirnt
432 1475 781 1570 fortesCeeropidae
797 1487 871 1548 esee
887 1473 1007 1546 duces·

849 1943 1061 1980 m

69 1859 141 1936 No.
156 1845 243 1934 866.
288 1929 295 1944 ,

70 1951 239 1984 Μ

71 2055 76 2063 ’
145 2057 229 2134 Apud
244 2053 372 2112 vincent.
389 2069 419 2126 p.
434 2051 484 2107 196
499 2069 540 2124 sq.

231 2213 300 2292 De
324 2221 442 2291 civico
467 2234 625 2304 corono,
652 2231 703 2284 ese
727 2206 922 2282 Aeschine.

74 2371 149 2442 His
162 2359 251 2462 grati
265 2369 357 2440 cives
375 2367 556 2438 donarunt
571 2363 663 2434 ferre
677 2383 837 2446 coronas,
919 2411 925 2418 -

128 2473 201 2544 Pro
218 2474 321 2544 rebus
335 2469 440 2562 gestis
453 2465 609 2560 praemia
626 2463 718 2534 iusta
735 2463 819 2536 suis.

73 2575 151 2668 Qui
168 2575 368 2648 libertatern
384 2569 496 2666 pulsis
511 2592 552 2640 er
568 2567 658 2636 urbe
675 2561 867 2660 Tyrannis,

123 2675 177 2752 Et
190 2679 284 2770 leges
301 2673 435 2772 patriae
450 2664 635 2744 restituere
651 2690 745 2742 suae.

77 2898 1067 2938 Μ

889 3139 1062 3174 m

74 3068 142 3140 No.
156 3062 247 3138 867.

78 3159 258 3196 som

147 3262 379 3340 sprevissent.
401 3277 429 3331 p.
450 3255 499 3312 ttt
517 3273 559 3329 sq.

96 3423 103 3434 ’
246 3432 293 3501 ιιι
316 3378 709 3521 βοτροχομυομαχίαν
728 3414 902 3487 'Homeri-

74 3581 165 3654 Mus
182 3578 320 3662 brevis,
344 3583 379 3643 ei
393 3567 522 3645 saliens
538 3565 575 3634 io
592 3559 731 3655 gurgite
747 3558 850 3632 Rana
865 3555 1035 3650 palustri,

132 3683 229 3754 Dum
244 3677 343 3748 nulia
359 3697 461 3745 causa
479 3667 611 3764 praelia
628 3663 736 3736 stulta
752 3659 863 3731 cient:

75 3783 271 3858 Fulmineo
288 3797 423 3872 pugnas
441 3771 535 3844 lovis
556 3771 607 3838 ira
621 3767 760 3856 fragore
774 3761 930 3840 diremit.

130 3883 180 3958 Et
196 3883 339 3956 tandem
355 3877 495 3968 fugiens
514 3893 638 3963 agmen
654 3882 845 3958 utrumqne
862 3863 966 3954 perit.

76 3989 141 4064 Sic
158 3988 266 4057 ruodo
285 3983 364 4054 dira
379 3989 501 4052 serunt
519 3999 561 4044 ex
576 3971 681 4042 bellis
698 3968 790 4038 bella
808 3965 986 4062 Tyranni,

130 4090 206 4161 Nec
225 4111 300 4171 res,
324 4085 385 4154 sed
402 4102 527 4151 coecus
543 4089 657 4146 armat
671 4069 840 4162 utrinque
855 4069 966 4140 furor.

75 4190 314 4286 Pestiferique
328 4182 439 4275 magis
454 4175 626 4250 Thebana
642 4167 801 4266 Sphinge
816 4164 1015 4262 sophistae,

134 4291 254 4362 Verba
272 4298 445 4359 venenato
460 4279 588 4352 frivola
605 4277 696 4348 velle
712 4275 846 4344 lincunt.

80 4395 223 4488 Aspicit
241 4389 328 4462 haec
342 4389 473 4459 vindex
488 4381 601 4454 oculis
613 4376 710 4450 Deos
726 4376 847 4445 omnia
863 4371 978 4456 iustis,

132 4497 189 4569 Ne
203 4517 308 4586 greve
323 4515 405 4564 curu
419 4495 559 4580 sparget
570 4481 727 4564 fulmen,
750 4475 897 4546 inermia
918 4474 996 4546 erit·

80 4597 205 4672 Gnate
216 4595 286 4668 Dei
298 4593 458 4665 bonitate
474 4601 535 4658 tua
553 4583 760 4654 malatauta
775 4580 905 4662 levato,

132 4697 183 4774 Et
195 4723 310 4772 serves
325 4709 444 4768 coetus
460 4686 622 4770 Christe,
644 4693 814 4776 regasque
831 4680 918 4772 pios.

82 4899 1069 4954 ...---------—---

793 287 1128 372 c'Attutuuu
1173 291 1281 374 LIB.
1314 291 1386 374 iva

1119 467 1231 542 Picio
1255 473 1298 544 in
1322 467 1546 565 Epinomide
1570 475 1650 562 nit,
1677 479 1834 571 ,σιαιιιιιι
1859 473 1907 551 dc
1930 471 2027 554 Ddo‘
2039 477 2113 580 fos

1118 591 1223 646 ιιιοιιι
1247 579 1289 648 in
1314 580 1431 650 ostris
1455 581 1493 646 et
1519 571 1693 649 ὀοσιιίιισ
1719 587 1913 654 aetrnum
1933 606 2109 677 ιροιιιιιιι

1036 725 1041 734 ·
1119 697 1220 768 esse,
1246 701 1343 774 quoe
1359 681 1553 752 sententio
1575 676 1647 751 icoo
1665 685 1931 760 ammonio
1947 685 2107 766 disticho

1310 826 1321 845 .
1474 802 1657 876 expresso
1682 791 1761 856 estc

1120 931 1248 1024 Αστροι
1262 923 1334 1026 μὲν
1350 925 1449 1004 αὐτοὶ
1467 927 1565 1003 πέλει
1579 926 1688 1016 θείοις
1703 937 1836 1028 σημοῖπ
1848 935 2039 1040 προνοίας,

1169 1035 1313 1125 μᾶλλον
1328 1027 1368 1105 δ’
1385 1027 1573 1128 ἢᾶστρων
1589 1033 1768 1132 θεσπεσίη
1784 1033 1930 1136 διδαχή.
2106 1028 2109 1037 ’

1118 1129 1223 1205 Astra
1238 1135 1382 1230 quidem
1399 1147 1484 1205 sunt
1497 1135 1572 1226 ipsa
1587 1133 1655 1206 Dei
1669 1139 1861 1212 certissima
1876 1145 1993 1236 signa3
2090 1133 2097 1154 ’

1168 1235 1219 1309 At
1234 1237 1396 1310 doctrina
1411 1234 1529 1308 Deum
1548 1239 1678 1310 certius
1692 1263 1764 1311 esse
1780 1244 1893 1320 docet.

1925 1483 2110 1504 *nn—*-

1940 1735 2107 1776 M

1120 1629 1186 1705 No.
1217 1631 1305 1705 869.

1135 1725 1305 1806 5⁶³⁹.

1220 1845 1302 1920 Apud
1316 1847 1396 1905 vinc.
1409 1866 1437 1922 p.
1454 1848 1503 1903 167
1517 1867 1559 1924 sq.

1118 2007 1237 2083 Ιοσιιι
1261 2008 1436 2083 Plutonis
1464 2012 1545 2082 ΠΙ.
1571 2005 1620 2084 de
1636 2009 1794 2104 νομοῖο,
1825 2020 1892 2112 gui
1917 2027 1978 2092 eat
2008 2049 2108 2106 em

1387 2112 1581 2188 meudmio
1605 2115 1857 2193 Dialectioce.

1170 2273 1355 2348 Sermonis
1369 2290 1480 2348 certas
1494 2277 1604 2349 tradit
1618 2275 1810 2352 Dialectica
1828 2281 1932 2376 leges,

1224 2376 1376 2472 Quaque
1393 2381 1449 2450 via
1466 2379 1579 2472 possis
1595 2383 1770 2472 prendere
1784 2409 1886 2473 vera,
1909 2392 2022 2470 docet.

1026 2565 1033 2576 ι
1171 2475 1225 2551 Αο
1241 2481 1338 2551 velut
1355 2482 1395 2550 iu
1413 2505 1563 2552 coenum
1581 2482 1745 2553 incautus
1759 2485 1789 2555 si
1806 2487 1899 2561 forte
1916 2493 2031 2570 viator

1221 2581 1392 2670 Labitur,
1415 2597 1521 2676 atque
1535 2585 1607 2653 udo
1625 2585 1753 2676 polluit
1769 2611 1830 2658 ora
1847 2591 1948 2666 iimo:

1170 2681 1312 2774 Surgit,
1335 2699 1369 2754 et
1385 2684 1580 2754 immundis
1594 2687 1716 2758 sordes
1730 2689 1878 2781 detergit
1892 2697 2025 2789 ocellis,

1221 2781 1350 2858 Abloit
1366 2800 1402 2858 et
1415 2786 1512 2878 turpi
1527 2787 1689 2882 squaiicla
1704 2793 1861 2863 membra
1878 2795 1973 2871 luto:

1173 2885 1234 2962 Sic
1249 2883 1391 2960 hebetes
1405 2889 1527 2960 oculos
1541 2889 1636 2960 acuit
1651 2888 1842 2968 Dialectica
1859 2883 1998 2992 ruentis,

1224 2987 1388 3086 Lynceus
1402 3003 1442 3062 ut
1458 2991 1577 3062 videas
1594 2991 1731 3064 lumina
1746 3017 1828 3067 vera
1844 3007 1944 3094 puer.
2062 3015 2076 3024 ”

1123 3205 2109 3268 -----.-----------·--·-;-....

1120 3392 1188 3468 Νο.
1205 3393 1292 3466 870.

1126 3490 1299 3521 Μ

1238 3577 1242 3588 ,
1898 3497 2110 3546 m

1225 3589 1304 3663 Apud
1324 3591 1448 3652 uincent.
1465 3609 1495 3664 p.
1511 3590 1570 3650 142.

1121 3756 1389 3845 Epigramma,
1416 3776 1488 3847 quo
1513 3757 1941 3857 oenonesipnificutum
1966 3781 2042 3860 esi,
2070 3787 2111 3851 st

1121 3853 1271 3928 teriori
1302 3863 1470 3929 mentem
1494 3862 1579 3931 vino
1610 3867 1648 3930 et
1682 3865 1841 3940 accendi
1872 3891 2030 3964 corporo
2055 3881 2111 3952 od

1513 3957 1721 4034 libidinem.

1116 4099 1317 4198 Ὤπλισμοιι
1329 4099 1423 4199 πρὸς
1437 4101 1557 4200 ἔρωτα
1572 4104 1655 4202 περὶ
1669 4106 1851 4206 στέρνοισι
1865 4116 2058 4215 λογισμόν,

1173 4206 1214 4279 ἐν
1225 4202 1272 4279 δι’
1281 4231 1328 4299 με
1343 4197 1483 4300 νικήσει
1499 4211 1640 4300 μοῦνος
1656 4206 1731 4300 ἑιὸν
1745 4208 1837 4307 πρὸς
1851 4212 1930 4290 ἕνα.

1124 4304 1264 4403 θνητὸς
1287 4304 1326 4382 d’
1362 4302 1548 4406 ἀθανάτῳ
1575 4306 1860 4484 συνελειέσομαι,
1893 4313 2008 4414 sireis*
2034 4323 2109 4428 ἐγώ

1173 4503 1320 4606 βάκχον
1338 4507 1424 4606 ἔχῃ,
1449 4507 1488 4584 τί
1502 4512 1620 4586 ποιεῖν
1632 4409 1805 4620 iiicii’
1824 4516 1899 4620 syci
1913 4487 2106 4618 δῦναμαι..

1540 4699 1609 4764 Hoc
1635 4717 1696 4766 est:

1124 4829 1211 4904 Suro
1230 4828 1316 4913 satis
1331 4829 1515 4900 illecebras
1529 4843 1652 4904 contra
1668 4837 1828 4908 munitus
1841 4843 1983 4930 amoris,

1051 4996 1055 5006 ,
1175 4931 1229 5004 Ne
1244 4931 1360 5010 soloin
1377 4931 1474 5001 solus
1492 4955 1548 5004 roe
1563 4955 1725 5026 separare
1741 4951 1856 5031 queat.

998 5103 1052 5120 ,,,
1123 5034 1198 5109 Nec
1211 5033 1366 5106 formido
1382 5029 1519 5118 Deum,
1546 5037 1708 5128 quamvis
1722 5042 1900 5128 mortalis,
1925 5047 2034 5118 atille

86 5189 263 5226 ,Ν
870 5162 1069 5215 ,ψῃ

1176 5135 1213 5208 Si
1233 5129 1373 5206 Baccho
1389 5135 1558 5224 adiunget
1571 5139 1719 5208 numina
1734 5165 1860 5231 magna
1874 5147 1955 5231 sihi,

1125 5239 1208 5312 Non
1223 5233 1351 5328 hospes
1364 5251 1487 5308 contra
1502 5240 1661 5326 geminos
1674 5249 1888 5316 contendere
1900 5239 2054 5340 possum,

1175 5336 1224 5412 Et
1239 5337 1352 5432 spolia
1369 5363 1410 5408 ex
1426 5361 1500 5410 uuo
1516 5354 1568 5412 est
1584 5365 1658 5412 uon
1672 5364 1779 5432 greve
1795 5346 1888 5420 ferre
1900 5351 2003 5425 does.

1510 5537 1587 5610 ιιι*
1659 5514 1663 5525 ’
