<?xml version="1.0" encoding="UTF-8"?>
<!DOCTYPE html PUBLIC "-//W3C//DTD XHTML 1.0 Transitional//EN"
    "http://www.w3.org/TR/xhtml1/DTD/xhtml1-transitional.dtd">
<html xmlns="http://www.w3.org/1999/xhtml" xml:lang="en" lang="en">
 <head>
  <title>
</title>
<meta http-equiv="Content-Type" content="text/html;charset=utf-8" />
  <meta name='ocr-system' content='tesseract 3.04.00' />
  <meta name='ocr-capabilities' content='ocr_page ocr_carea ocr_par ocr_line ocrx_word'/>
</head>
<body>
  <div class='ocr_page' id='page_1' title='image "./philippimelanth10bindgoog_0297.png"; bbox 0 0 4638 6176; ppageno 0'>
   <div class='ocr_carea' id='block_1_1' title="bbox 66 267 2110 370">
    <p class='ocr_par' dir='ltr' id='par_1_1' title="bbox 66 267 2110 370">
     <span class='ocr_line' id='line_1_1' title="bbox 66 267 2110 370; baseline -0.022 0"><span class='ocrx_word' id='word_1_1' title='bbox 66 289 143 370; x_wconf 83' lang='lat' dir='ltr'>ssr</span> <span class='ocrx_word' id='word_1_2' title='bbox 806 269 1135 358; x_wconf 78' lang='lat' dir='ltr'>canuruuru</span> <span class='ocrx_word' id='word_1_3' title='bbox 1185 269 1294 348; x_wconf 80' lang='lat' dir='ltr'>mn.</span> <span class='ocrx_word' id='word_1_4' title='bbox 1320 268 1376 342; x_wconf 89' lang='lat'>11.</span> <span class='ocrx_word' id='word_1_5' title='bbox 2034 267 2110 350; x_wconf 65' lang='lat'>550</span> 
     </span>
    </p>
   </div>
   <div class='ocr_carea' id='block_1_2' title="bbox 16 439 2202 5359">
    <p class='ocr_par' dir='ltr' id='par_1_2' title="bbox 16 439 2202 4746">
     <span class='ocr_line' id='line_1_2' title="bbox 68 439 1993 540; baseline -0.01 -2"><span class='ocrx_word' id='word_1_6' title='bbox 68 465 134 538; x_wconf 87' lang='lat' dir='ltr'>No.</span> <span class='ocrx_word' id='word_1_7' title='bbox 149 458 235 537; x_wconf 84' lang='lat'><strong>154.</strong></span> <span class='ocrx_word' id='word_1_8' title='bbox 858 454 1066 540; x_wconf 78' lang='lat' dir='ltr'>(cn.1538?)</span> <span class='ocrx_word' id='word_1_9' title='bbox 1115 439 1212 516; x_wconf 87' lang='lat' dir='ltr'>Cura</span> <span class='ocrx_word' id='word_1_10' title='bbox 1226 445 1273 516; x_wconf 88' lang='lat' dir='ltr'>sit</span> <span class='ocrx_word' id='word_1_11' title='bbox 1286 468 1308 514; x_wconf 88' lang='lat' dir='ltr'>a</span> <span class='ocrx_word' id='word_1_12' title='bbox 1323 443 1453 514; x_wconf 88' lang='lat' dir='ltr'>teneris</span> <span class='ocrx_word' id='word_1_13' title='bbox 1470 440 1603 514; x_wconf 92' lang='lat' dir='ltr'>Vatum</span> <span class='ocrx_word' id='word_1_14' title='bbox 1618 465 1829 535; x_wconf 75' lang='lat' dir='ltr'>cognoscere</span> <span class='ocrx_word' id='word_1_15' title='bbox 1844 447 1993 540; x_wconf 84' lang='lat' dir='ltr'>scripta,</span> 
     </span>
     <span class='ocr_line' id='line_1_3' title="bbox 71 540 1842 642; baseline -0.001 -22"><span class='ocrx_word' id='word_1_16' title='bbox 71 564 190 588; x_wconf 65' lang='grc' dir='ltr'>Μ</span> <span class='ocrx_word' id='word_1_17' title='bbox 438 627 441 638; x_wconf 42' lang='grc'><strong>,</strong></span> <span class='ocrx_word' id='word_1_18' title='bbox 846 549 1062 588; x_wconf 54' lang='lat'>⁹⁴⁵⁴</span> <span class='ocrx_word' id='word_1_19' title='bbox 1167 543 1317 642; x_wconf 83' lang='lat' dir='ltr'>Eloquii</span> <span class='ocrx_word' id='word_1_20' title='bbox 1335 547 1452 617; x_wconf 85' lang='lat' dir='ltr'>fontes</span> <span class='ocrx_word' id='word_1_21' title='bbox 1468 540 1535 615; x_wconf 93' lang='lat' dir='ltr'>bos</span> <span class='ocrx_word' id='word_1_22' title='bbox 1550 545 1637 617; x_wconf 90' lang='lat' dir='ltr'>sciat</span> <span class='ocrx_word' id='word_1_23' title='bbox 1652 570 1727 616; x_wconf 89' lang='lat' dir='ltr'>esse</span> <span class='ocrx_word' id='word_1_24' title='bbox 1743 571 1842 638; x_wconf 92' lang='lat' dir='ltr'>puer.</span> 
     </span>
     <span class='ocr_line' id='line_1_4' title="bbox 138 635 1998 742; baseline -0.001 -20"><span class='ocrx_word' id='word_1_25' title='bbox 138 648 213 722; x_wconf 75' lang='lat' dir='ltr'>OPP-</span> <span class='ocrx_word' id='word_1_26' title='bbox 231 646 299 704; x_wconf 77' lang='lat' dir='ltr'>Mat.</span> <span class='ocrx_word' id='word_1_27' title='bbox 317 645 400 703; x_wconf 66' lang='grc' dir='ltr'>Μ·</span> <span class='ocrx_word' id='word_1_28' title='bbox 420 645 455 701; x_wconf 80' lang='grc' dir='ltr'>Τ·</span> <span class='ocrx_word' id='word_1_29' title='bbox 470 641 505 698; x_wconf 77' lang='lat' dir='ltr'>V·</span> <span class='ocrx_word' id='word_1_30' title='bbox 525 661 552 716; x_wconf 77' lang='lat' dir='ltr'>P·</span> <span class='ocrx_word' id='word_1_31' title='bbox 566 640 628 700; x_wconf 75' lang='lat'><strong>⁵⁸⁹·</strong></span> <span class='ocrx_word' id='word_1_32' title='bbox 664 637 795 696; x_wconf 56' lang='lat' dir='ltr'>ww·</span> <span class='ocrx_word' id='word_1_33' title='bbox 811 653 838 708; x_wconf 80' lang='grc' dir='ltr'>Ρ·</span> <span class='ocrx_word' id='word_1_34' title='bbox 854 635 914 692; x_wconf 78' lang='lat'><strong>¹⁸²·</strong></span> <span class='ocrx_word' id='word_1_35' title='bbox 1115 648 1257 721; x_wconf 87' lang='lat' dir='ltr'>Horum</span> <span class='ocrx_word' id='word_1_36' title='bbox 1272 649 1475 742; x_wconf 82' lang='lat' dir='ltr'>pectoribus</span> <span class='ocrx_word' id='word_1_37' title='bbox 1494 662 1612 722; x_wconf 85' lang='lat' dir='ltr'>motus</span> <span class='ocrx_word' id='word_1_38' title='bbox 1628 647 1726 720; x_wconf 86' lang='lat' dir='ltr'>Dens</span> <span class='ocrx_word' id='word_1_39' title='bbox 1741 649 1874 720; x_wconf 82' lang='lat' dir='ltr'>indidit</span> <span class='ocrx_word' id='word_1_40' title='bbox 1891 671 1998 720; x_wconf 87' lang='lat' dir='ltr'>acres.</span> 
     </span>
     <span class='ocr_line' id='line_1_5' title="bbox 221 750 1972 831; baseline -0.004 0"><span class='ocrx_word' id='word_1_41' title='bbox 221 815 229 831; x_wconf 93' lang='lat'>.</span> <span class='ocrx_word' id='word_1_42' title='bbox 332 815 340 830; x_wconf 92' lang='lat'><em>.</em></span> <span class='ocrx_word' id='word_1_43' title='bbox 709 807 717 823; x_wconf 89' lang='lat'><strong><em>.</em></strong></span> <span class='ocrx_word' id='word_1_44' title='bbox 1168 751 1364 825; x_wconf 83' lang='lat' dir='ltr'>Sublimem</span> <span class='ocrx_word' id='word_1_45' title='bbox 1393 777 1436 822; x_wconf 89' lang='lat' dir='ltr'>ue</span> <span class='ocrx_word' id='word_1_46' title='bbox 1453 751 1551 822; x_wconf 91' lang='lat' dir='ltr'>dedit</span> <span class='ocrx_word' id='word_1_47' title='bbox 1564 750 1671 822; x_wconf 89' lang='lat' dir='ltr'>Musa</span> <span class='ocrx_word' id='word_1_48' title='bbox 1687 777 1814 823; x_wconf 91' lang='lat' dir='ltr'>canora</span> <span class='ocrx_word' id='word_1_49' title='bbox 1831 777 1972 824; x_wconf 89' lang='lat' dir='ltr'>sonum.</span> 
     </span>
     <span class='ocr_line' id='line_1_6' title="bbox 155 777 1999 948; baseline -0.002 -18"><span class='ocrx_word' id='word_1_50' title='bbox 155 808 407 904; x_wconf 54' lang='lat' dir='ltr'>Epual’hmm</span> <span class='ocrx_word' id='word_1_51' title='bbox 433 811 481 881; x_wconf 77' lang='lat' dir='ltr'>D&#39;</span> <span class='ocrx_word' id='word_1_52' title='bbox 506 809 634 897; x_wconf 57' lang='lat' dir='ltr'>om</span> <span class='ocrx_word' id='word_1_53' title='bbox 661 799 976 875; x_wconf 65' lang='lat' dir='ltr'>Lmdem&#39;m&#39;</span> <span class='ocrx_word' id='word_1_54' title='bbox 1117 854 1252 928; x_wconf 89' lang='lat' dir='ltr'>Verum</span> <span class='ocrx_word' id='word_1_55' title='bbox 1268 879 1342 926; x_wconf 88' lang='lat' dir='ltr'>non</span> <span class='ocrx_word' id='word_1_56' title='bbox 1357 777 1441 926; x_wconf 62' lang='lat' dir='ltr'>sbtis</span> <span class='ocrx_word' id='word_1_57' title='bbox 1458 867 1509 924; x_wconf 87' lang='lat' dir='ltr'>est</span> <span class='ocrx_word' id='word_1_58' title='bbox 1523 853 1646 944; x_wconf 76' lang='lat' dir='ltr'>legisse</span> <span class='ocrx_word' id='word_1_59' title='bbox 1663 861 1823 948; x_wconf 74' lang='lat' dir='ltr'>poemata</span> <span class='ocrx_word' id='word_1_60' title='bbox 1840 869 1999 942; x_wconf 86' lang='lat' dir='ltr'>tantum,</span> 
     </span>
     <span class='ocr_line' id='line_1_7' title="bbox 69 947 1788 1042; baseline -0.011 -8"><span class='ocrx_word' id='word_1_61' title='bbox 69 961 140 1034; x_wconf 87' lang='lat' dir='ltr'>llic</span> <span class='ocrx_word' id='word_1_62' title='bbox 156 962 222 1032; x_wconf 89' lang='lat' dir='ltr'>sita</span> <span class='ocrx_word' id='word_1_63' title='bbox 238 957 456 1032; x_wconf 87' lang='lat' dir='ltr'>Lindemani</span> <span class='ocrx_word' id='word_1_64' title='bbox 471 968 555 1029; x_wconf 92' lang='lat' dir='ltr'>sunt</span> <span class='ocrx_word' id='word_1_65' title='bbox 570 951 700 1042; x_wconf 83' lang='lat' dir='ltr'>frigida</span> <span class='ocrx_word' id='word_1_66' title='bbox 717 947 882 1042; x_wconf 88' lang='lat' dir='ltr'>Casparis</span> <span class='ocrx_word' id='word_1_67' title='bbox 897 971 996 1032; x_wconf 88' lang='lat' dir='ltr'>ossa,</span> <span class='ocrx_word' id='word_1_68' title='bbox 1170 958 1324 1029; x_wconf 70' lang='lat' dir='ltr'>Accedat</span> <span class='ocrx_word' id='word_1_69' title='bbox 1339 958 1466 1027; x_wconf 71' lang='lat' dir='ltr'>studiis</span> <span class='ocrx_word' id='word_1_70' title='bbox 1480 958 1589 1026; x_wconf 69' lang='lat' dir='ltr'>altera</span> <span class='ocrx_word' id='word_1_71' title='bbox 1607 981 1689 1028; x_wconf 67' lang='lat' dir='ltr'>cura</span> <span class='ocrx_word' id='word_1_72' title='bbox 1705 959 1788 1028; x_wconf 72' lang='lat' dir='ltr'>tuis,</span> 
     </span>
     <span class='ocr_line' id='line_1_8' title="bbox 121 1052 1929 1154; baseline -0.002 -20"><span class='ocrx_word' id='word_1_73' title='bbox 121 1063 198 1154; x_wconf 86' lang='lat' dir='ltr'>Qui</span> <span class='ocrx_word' id='word_1_74' title='bbox 213 1062 355 1134; x_wconf 85' lang='lat' dir='ltr'>Medica</span> <span class='ocrx_word' id='word_1_75' title='bbox 371 1061 487 1132; x_wconf 82' lang='lat' dir='ltr'>clarus</span> <span class='ocrx_word' id='word_1_76' title='bbox 503 1057 639 1129; x_wconf 85' lang='lat' dir='ltr'>Doctor</span> <span class='ocrx_word' id='word_1_77' title='bbox 655 1055 693 1122; x_wconf 78' lang='lat' dir='ltr'>in</span> <span class='ocrx_word' id='word_1_78' title='bbox 711 1067 786 1123; x_wconf 70' lang='lat' dir='ltr'>arte</span> <span class='ocrx_word' id='word_1_79' title='bbox 800 1052 879 1122; x_wconf 72' lang='lat' dir='ltr'>lull·</span> <span class='ocrx_word' id='word_1_80' title='bbox 1117 1059 1167 1133; x_wconf 93' lang='lat' dir='ltr'>Ut</span> <span class='ocrx_word' id='word_1_81' title='bbox 1182 1061 1296 1130; x_wconf 90' lang='lat' dir='ltr'>doctis</span> <span class='ocrx_word' id='word_1_82' title='bbox 1309 1059 1431 1150; x_wconf 79' lang='lat' dir='ltr'>digitis</span> <span class='ocrx_word' id='word_1_83' title='bbox 1447 1060 1604 1151; x_wconf 86' lang='lat' dir='ltr'>exempla</span> <span class='ocrx_word' id='word_1_84' title='bbox 1621 1061 1785 1152; x_wconf 82' lang='lat' dir='ltr'>effingere</span> <span class='ocrx_word' id='word_1_85' title='bbox 1800 1073 1929 1146; x_wconf 79' lang='lat' dir='ltr'><strong>certes,</strong></span> 
     </span>
     <span class='ocr_line' id='line_1_9' title="bbox 69 1155 1988 1263; baseline -0.011 -21"><span class='ocrx_word' id='word_1_86' title='bbox 69 1167 117 1242; x_wconf 83' lang='lat' dir='ltr'>Et</span> <span class='ocrx_word' id='word_1_87' title='bbox 131 1167 303 1263; x_wconf 92' lang='lat' dir='ltr'>quoniam</span> <span class='ocrx_word' id='word_1_88' title='bbox 320 1164 454 1254; x_wconf 83' lang='lat' dir='ltr'>insigni</span> <span class='ocrx_word' id='word_1_89' title='bbox 469 1161 651 1232; x_wconf 87' lang='lat' dir='ltr'>doctrinae</span> <span class='ocrx_word' id='word_1_90' title='bbox 666 1155 875 1226; x_wconf 86' lang='lat' dir='ltr'>adiunxerat</span> <span class='ocrx_word' id='word_1_91' title='bbox 890 1176 1017 1238; x_wconf 85' lang='lat' dir='ltr'>usum,</span> <span class='ocrx_word' id='word_1_92' title='bbox 1167 1161 1302 1254; x_wconf 71' lang='lat' dir='ltr'>Cogere</span> <span class='ocrx_word' id='word_1_93' title='bbox 1319 1173 1354 1232; x_wconf 70' lang='lat' dir='ltr'>et</span> <span class='ocrx_word' id='word_1_94' title='bbox 1369 1163 1407 1244; x_wconf 81' lang='lat' dir='ltr'>jn</span> <span class='ocrx_word' id='word_1_95' title='bbox 1424 1185 1593 1232; x_wconf 72' lang='lat' dir='ltr'>numeros</span> <span class='ocrx_word' id='word_1_96' title='bbox 1609 1165 1716 1235; x_wconf 61' lang='lat' dir='ltr'>verba</span> <span class='ocrx_word' id='word_1_97' title='bbox 1732 1164 1847 1235; x_wconf 64' lang='lat' dir='ltr'>soluta</span> <span class='ocrx_word' id='word_1_98' title='bbox 1864 1187 1988 1239; x_wconf 57' lang='lat' dir='ltr'>novos,</span> 
     </span>
     <span class='ocr_line' id='line_1_10' title="bbox 120 1257 1943 1360; baseline -0.001 -23"><span class='ocrx_word' id='word_1_99' title='bbox 120 1269 289 1344; x_wconf 79' lang='lat' dir='ltr'>saxonici</span> <span class='ocrx_word' id='word_1_100' title='bbox 303 1265 488 1338; x_wconf 89' lang='lat' dir='ltr'>Medicum</span> <span class='ocrx_word' id='word_1_101' title='bbox 505 1261 652 1352; x_wconf 76' lang='lat' dir='ltr'>contigit</span> <span class='ocrx_word' id='word_1_102' title='bbox 671 1281 744 1328; x_wconf 74' lang='lat' dir='ltr'>esse</span> <span class='ocrx_word' id='word_1_103' title='bbox 760 1257 882 1329; x_wconf 64' lang='lat' dir='ltr'>Ducl&amp;</span> <span class='ocrx_word' id='word_1_104' title='bbox 1116 1266 1186 1338; x_wconf 89' lang='lat' dir='ltr'>Hic</span> <span class='ocrx_word' id='word_1_105' title='bbox 1201 1267 1303 1336; x_wconf 92' lang='lat' dir='ltr'>labor</span> <span class='ocrx_word' id='word_1_106' title='bbox 1319 1265 1453 1355; x_wconf 89' lang='lat' dir='ltr'>ingenii</span> <span class='ocrx_word' id='word_1_107' title='bbox 1468 1265 1562 1335; x_wconf 89' lang='lat' dir='ltr'>vires</span> <span class='ocrx_word' id='word_1_108' title='bbox 1579 1265 1745 1360; x_wconf 81' lang='lat' dir='ltr'>acuitque</span> <span class='ocrx_word' id='word_1_109' title='bbox 1759 1268 1943 1360; x_wconf 85' lang='lat' dir='ltr'>fovetque,</span> 
     </span>
     <span class='ocr_line' id='line_1_11' title="bbox 70 1359 1973 1462; baseline -0.004 -15"><span class='ocrx_word' id='word_1_110' title='bbox 70 1377 229 1448; x_wconf 85' lang='lat' dir='ltr'>Tantum</span> <span class='ocrx_word' id='word_1_111' title='bbox 246 1372 303 1442; x_wconf 92' lang='lat' dir='ltr'>illi</span> <span class='ocrx_word' id='word_1_112' title='bbox 317 1391 503 1462; x_wconf 77' lang='lat' dir='ltr'>perperene</span> <span class='ocrx_word' id='word_1_113' title='bbox 524 1368 632 1436; x_wconf 92' lang='lat' dir='ltr'>decus</span> <span class='ocrx_word' id='word_1_114' title='bbox 646 1385 832 1454; x_wconf 89' lang='lat' dir='ltr'>moresque</span> <span class='ocrx_word' id='word_1_115' title='bbox 844 1359 1018 1452; x_wconf 80' lang='lat' dir='ltr'>fidesque,</span> <span class='ocrx_word' id='word_1_116' title='bbox 1167 1367 1265 1438; x_wconf 78' lang='lat' dir='ltr'>Hinc</span> <span class='ocrx_word' id='word_1_117' title='bbox 1280 1369 1381 1438; x_wconf 87' lang='lat' dir='ltr'>venit</span> <span class='ocrx_word' id='word_1_118' title='bbox 1396 1367 1529 1462; x_wconf 88' lang='lat' dir='ltr'>eloquii</span> <span class='ocrx_word' id='word_1_119' title='bbox 1548 1369 1668 1460; x_wconf 90' lang='lat' dir='ltr'>copia,</span> <span class='ocrx_word' id='word_1_120' title='bbox 1702 1371 1834 1456; x_wconf 85' lang='lat' dir='ltr'>lorma,</span> <span class='ocrx_word' id='word_1_121' title='bbox 1864 1369 1973 1440; x_wconf 88' lang='lat' dir='ltr'>nitor.</span> 
     </span>
     <span class='ocr_line' id='line_1_12' title="bbox 118 1463 2036 1568; baseline -0.002 -22"><span class='ocrx_word' id='word_1_122' title='bbox 118 1476 273 1568; x_wconf 80' lang='lat' dir='ltr'>Egregia</span> <span class='ocrx_word' id='word_1_123' title='bbox 289 1485 463 1568; x_wconf 89' lang='lat' dir='ltr'>quantum</span> <span class='ocrx_word' id='word_1_124' title='bbox 483 1469 599 1539; x_wconf 85' lang='lat' dir='ltr'>laudis</span> <span class='ocrx_word' id='word_1_125' title='bbox 615 1467 661 1536; x_wconf 84' lang='lat' dir='ltr'>ab</span> <span class='ocrx_word' id='word_1_126' title='bbox 676 1479 749 1536; x_wconf 91' lang='lat' dir='ltr'>arte</span> <span class='ocrx_word' id='word_1_127' title='bbox 765 1463 860 1535; x_wconf 88' lang='lat' dir='ltr'>tulit.</span> <span class='ocrx_word' id='word_1_128' title='bbox 1116 1471 1195 1543; x_wconf 90' lang='lat' dir='ltr'>Hoc</span> <span class='ocrx_word' id='word_1_129' title='bbox 1213 1471 1242 1541; x_wconf 92' lang='lat' dir='ltr'>si</span> <span class='ocrx_word' id='word_1_130' title='bbox 1257 1472 1460 1558; x_wconf 72' lang='lat' dir='ltr'>languescet</span> <span class='ocrx_word' id='word_1_131' title='bbox 1472 1471 1650 1557; x_wconf 90' lang='lat' dir='ltr'>studium,</span> <span class='ocrx_word' id='word_1_132' title='bbox 1684 1472 1713 1541; x_wconf 94' lang='lat' dir='ltr'>si</span> <span class='ocrx_word' id='word_1_133' title='bbox 1731 1473 1854 1561; x_wconf 86' lang='lat' dir='ltr'>ignara</span> <span class='ocrx_word' id='word_1_134' title='bbox 1869 1472 2036 1543; x_wconf 86' lang='lat' dir='ltr'>iuventus</span> 
     </span>
     <span class='ocr_line' id='line_1_13' title="bbox 70 1567 1900 1672; baseline -0.005 -20"><span class='ocrx_word' id='word_1_135' title='bbox 70 1581 193 1670; x_wconf 86' lang='lat' dir='ltr'>Quare</span> <span class='ocrx_word' id='word_1_136' title='bbox 206 1589 417 1672; x_wconf 83' lang='lat' dir='ltr'>perpetuum</span> <span class='ocrx_word' id='word_1_137' title='bbox 435 1571 498 1644; x_wconf 88' lang='lat' dir='ltr'>tali</span> <span class='ocrx_word' id='word_1_138' title='bbox 515 1571 654 1642; x_wconf 66' lang='grc' dir='ltr'>ῐὸῐὶὓῐὶθ</span> <span class='ocrx_word' id='word_1_139' title='bbox 668 1567 847 1650; x_wconf 82' lang='lat' dir='ltr'>levorem,</span> <span class='ocrx_word' id='word_1_140' title='bbox 1166 1573 1248 1644; x_wconf 89' lang='lat' dir='ltr'>Non</span> <span class='ocrx_word' id='word_1_141' title='bbox 1266 1571 1420 1664; x_wconf 80' lang='lat' dir='ltr'>perferre</span> <span class='ocrx_word' id='word_1_142' title='bbox 1436 1575 1530 1643; x_wconf 90' lang='lat' dir='ltr'>volet</span> <span class='ocrx_word' id='word_1_143' title='bbox 1546 1575 1661 1644; x_wconf 86' lang='lat' dir='ltr'>taedia</span> <span class='ocrx_word' id='word_1_144' title='bbox 1675 1574 1781 1666; x_wconf 86' lang='lat' dir='ltr'>longa</span> <span class='ocrx_word' id='word_1_145' title='bbox 1800 1575 1900 1671; x_wconf 89' lang='lat' dir='ltr'>styli:</span> 
     </span>
     <span class='ocr_line' id='line_1_14' title="bbox 124 1669 2101 1770; baseline 0 -22"><span class='ocrx_word' id='word_1_146' title='bbox 124 1682 264 1754; x_wconf 91' lang='lat' dir='ltr'>ludicio</span> <span class='ocrx_word' id='word_1_147' title='bbox 282 1677 414 1750; x_wconf 89' lang='lat' dir='ltr'>meruit</span> <span class='ocrx_word' id='word_1_148' title='bbox 427 1673 607 1768; x_wconf 83' lang='lat' dir='ltr'>Principis</span> <span class='ocrx_word' id='word_1_149' title='bbox 624 1673 686 1741; x_wconf 75' lang='lat' dir='ltr'>ille</span> <span class='ocrx_word' id='word_1_150' title='bbox 701 1669 801 1742; x_wconf 64' lang='lat' dir='ltr'>boni·</span> <span class='ocrx_word' id='word_1_151' title='bbox 1116 1676 1186 1747; x_wconf 89' lang='lat' dir='ltr'>Hei</span> <span class='ocrx_word' id='word_1_152' title='bbox 1205 1672 1294 1746; x_wconf 88' lang='lat' dir='ltr'>mibi</span> <span class='ocrx_word' id='word_1_153' title='bbox 1309 1699 1399 1769; x_wconf 90' lang='lat' dir='ltr'>quae</span> <span class='ocrx_word' id='word_1_154' title='bbox 1416 1677 1532 1746; x_wconf 87' lang='lat' dir='ltr'>clades</span> <span class='ocrx_word' id='word_1_155' title='bbox 1545 1677 1700 1770; x_wconf 89' lang='lat' dir='ltr'>reliquas</span> <span class='ocrx_word' id='word_1_156' title='bbox 1714 1679 1843 1750; x_wconf 92' lang='lat' dir='ltr'>iterum</span> <span class='ocrx_word' id='word_1_157' title='bbox 1864 1679 1992 1749; x_wconf 82' lang='lat' dir='ltr'>obruet</span> <span class='ocrx_word' id='word_1_158' title='bbox 2009 1689 2101 1750; x_wconf 90' lang='lat' dir='ltr'>artes</span> 
     </span>
     <span class='ocr_line' id='line_1_15' title="bbox 72 1771 1927 1858; baseline -0.003 1"><span class='ocrx_word' id='word_1_159' title='bbox 72 1787 220 1858; x_wconf 85' lang='lat' dir='ltr'>Pectore</span> <span class='ocrx_word' id='word_1_160' title='bbox 234 1807 311 1854; x_wconf 90' lang='lat' dir='ltr'>non</span> <span class='ocrx_word' id='word_1_161' title='bbox 325 1781 405 1851; x_wconf 89' lang='lat' dir='ltr'>licto</span> <span class='ocrx_word' id='word_1_162' title='bbox 422 1803 558 1852; x_wconf 91' lang='lat' dir='ltr'>numen</span> <span class='ocrx_word' id='word_1_163' title='bbox 577 1775 727 1846; x_wconf 89' lang='lat' dir='ltr'>coeleste</span> <span class='ocrx_word' id='word_1_164' title='bbox 745 1771 897 1855; x_wconf 86' lang='lat' dir='ltr'>colebat,</span> <span class='ocrx_word' id='word_1_165' title='bbox 1168 1777 1357 1849; x_wconf 89' lang='lat' dir='ltr'>Barbaries</span> <span class='ocrx_word' id='word_1_166' title='bbox 1372 1779 1535 1849; x_wconf 87' lang='lat' dir='ltr'>tenebras</span> <span class='ocrx_word' id='word_1_167' title='bbox 1552 1775 1696 1850; x_wconf 89' lang='lat' dir='ltr'>invehet</span> <span class='ocrx_word' id='word_1_168' title='bbox 1712 1795 1786 1852; x_wconf 89' lang='lat' dir='ltr'>atra</span> <span class='ocrx_word' id='word_1_169' title='bbox 1804 1803 1927 1854; x_wconf 88' lang='lat' dir='ltr'>novas.</span> 
     </span>
     <span class='ocr_line' id='line_1_16' title="bbox 125 1869 1981 1971; baseline -0.003 -15"><span class='ocrx_word' id='word_1_170' title='bbox 125 1887 179 1958; x_wconf 88' lang='lat' dir='ltr'>Te</span> <span class='ocrx_word' id='word_1_171' title='bbox 193 1889 328 1958; x_wconf 87' lang='lat' dir='ltr'>sontem</span> <span class='ocrx_word' id='word_1_172' title='bbox 347 1882 504 1952; x_wconf 81' lang='lat' dir='ltr'>medicae</span> <span class='ocrx_word' id='word_1_173' title='bbox 522 1875 664 1952; x_wconf 79' lang='lat' dir='ltr'>Chrisle</span> <span class='ocrx_word' id='word_1_174' title='bbox 678 1876 855 1968; x_wconf 63' lang='lat' dir='ltr'>professus</span> <span class='ocrx_word' id='word_1_175' title='bbox 870 1869 959 1962; x_wconf 77' lang='lat' dir='ltr'>0Pl8·</span> <span class='ocrx_word' id='word_1_176' title='bbox 1119 1879 1177 1954; x_wconf 86' lang='lat' dir='ltr'>Ad</span> <span class='ocrx_word' id='word_1_177' title='bbox 1195 1879 1301 1958; x_wconf 87' lang='lat' dir='ltr'>Vates</span> <span class='ocrx_word' id='word_1_178' title='bbox 1316 1881 1425 1971; x_wconf 87' lang='lat' dir='ltr'>igitur</span> <span class='ocrx_word' id='word_1_179' title='bbox 1437 1881 1564 1951; x_wconf 88' lang='lat' dir='ltr'>docilis</span> <span class='ocrx_word' id='word_1_180' title='bbox 1578 1886 1775 1954; x_wconf 88' lang='lat' dir='ltr'>revocanda</span> <span class='ocrx_word' id='word_1_181' title='bbox 1791 1881 1981 1963; x_wconf 87' lang='lat' dir='ltr'>Iuventus,</span> 
     </span>
     <span class='ocr_line' id='line_1_17' title="bbox 71 1971 1948 2080; baseline -0.013 -17"><span class='ocrx_word' id='word_1_182' title='bbox 71 1989 167 2080; x_wconf 86' lang='lat' dir='ltr'>Ergo</span> <span class='ocrx_word' id='word_1_183' title='bbox 186 1991 326 2060; x_wconf 84' lang='lat' dir='ltr'>animae</span> <span class='ocrx_word' id='word_1_184' title='bbox 342 1987 452 2079; x_wconf 91' lang='lat' dir='ltr'>ipsius</span> <span class='ocrx_word' id='word_1_185' title='bbox 466 1985 639 2054; x_wconf 85' lang='lat' dir='ltr'>concedas</span> <span class='ocrx_word' id='word_1_186' title='bbox 655 1977 806 2049; x_wconf 79' lang='lat' dir='ltr'>maxime</span> <span class='ocrx_word' id='word_1_187' title='bbox 820 1971 979 2057; x_wconf 86' lang='lat' dir='ltr'>Christe,</span> <span class='ocrx_word' id='word_1_188' title='bbox 1169 1983 1265 2054; x_wconf 72' lang='lat' dir='ltr'>Hinc</span> <span class='ocrx_word' id='word_1_189' title='bbox 1284 1985 1353 2053; x_wconf 65' lang='lat' dir='ltr'>sibi</span> <span class='ocrx_word' id='word_1_190' title='bbox 1370 1983 1543 2054; x_wconf 68' lang='lat' dir='ltr'>sermonis</span> <span class='ocrx_word' id='word_1_191' title='bbox 1561 1985 1696 2056; x_wconf 62' lang='lat' dir='ltr'>lumina</span> <span class='ocrx_word' id='word_1_192' title='bbox 1710 1988 1804 2056; x_wconf 65' lang='lat' dir='ltr'>clm</span> <span class='ocrx_word' id='word_1_193' title='bbox 1821 1981 1948 2057; x_wconf 62' lang='lat' dir='ltr'>trahat,</span> 
     </span>
     <span class='ocr_line' id='line_1_18' title="bbox 122 2083 2202 2185; baseline -0.004 -21"><span class='ocrx_word' id='word_1_194' title='bbox 122 2092 164 2164; x_wconf 91' lang='lat' dir='ltr'>ln</span> <span class='ocrx_word' id='word_1_195' title='bbox 181 2093 316 2185; x_wconf 86' lang='lat' dir='ltr'>gremio</span> <span class='ocrx_word' id='word_1_196' title='bbox 332 2103 372 2162; x_wconf 90' lang='lat' dir='ltr'>ut</span> <span class='ocrx_word' id='word_1_197' title='bbox 386 2088 483 2158; x_wconf 86' lang='lat' dir='ltr'>vivat</span> <span class='ocrx_word' id='word_1_198' title='bbox 497 2111 572 2158; x_wconf 94' lang='lat' dir='ltr'>non</span> <span class='ocrx_word' id='word_1_199' title='bbox 584 2083 758 2156; x_wconf 85' lang='lat' dir='ltr'>moritura</span> <span class='ocrx_word' id='word_1_200' title='bbox 777 2095 851 2152; x_wconf 84' lang='lat' dir='ltr'>tuo.</span> <span class='ocrx_word' id='word_1_201' title='bbox 1118 2085 1166 2160; x_wconf 80' lang='lat' dir='ltr'>Et</span> <span class='ocrx_word' id='word_1_202' title='bbox 1181 2111 1385 2182; x_wconf 91' lang='lat' dir='ltr'>quanquam</span> <span class='ocrx_word' id='word_1_203' title='bbox 1403 2087 1581 2158; x_wconf 85' lang='lat' dir='ltr'>oblectent</span> <span class='ocrx_word' id='word_1_204' title='bbox 1600 2091 1811 2184; x_wconf 90' lang='lat' dir='ltr'>numerique</span> <span class='ocrx_word' id='word_1_205' title='bbox 1826 2087 1977 2182; x_wconf 83' lang='lat' dir='ltr'>senique</span> <span class='ocrx_word' id='word_1_206' title='bbox 1992 2087 2114 2178; x_wconf 88' lang='lat' dir='ltr'>legen·</span> <span class='ocrx_word' id='word_1_207' title='bbox 2199 2101 2202 2108; x_wconf 82' lang='lat'>&#39;</span> 
     </span>
     <span class='ocr_line' id='line_1_19' title="bbox 1631 2205 1720 2260; baseline 0.011 -1"><span class='ocrx_word' id='word_1_208' title='bbox 1631 2205 1720 2260; x_wconf 91' lang='lat' dir='ltr'>tem:</span> 
     </span>
     <span class='ocr_line' id='line_1_20' title="bbox 1168 2289 2071 2386; baseline 0 -22"><span class='ocrx_word' id='word_1_209' title='bbox 1168 2289 1306 2365; x_wconf 89' lang='lat' dir='ltr'>Rerum</span> <span class='ocrx_word' id='word_1_210' title='bbox 1321 2290 1459 2361; x_wconf 87' lang='lat' dir='ltr'>animos</span> <span class='ocrx_word' id='word_1_211' title='bbox 1476 2289 1628 2382; x_wconf 85' lang='lat' dir='ltr'>gravitas</span> <span class='ocrx_word' id='word_1_212' title='bbox 1644 2293 1723 2383; x_wconf 90' lang='lat' dir='ltr'>plus</span> <span class='ocrx_word' id='word_1_213' title='bbox 1740 2307 1858 2364; x_wconf 90' lang='lat' dir='ltr'>tamen</span> <span class='ocrx_word' id='word_1_214' title='bbox 1875 2293 1950 2386; x_wconf 90' lang='lat' dir='ltr'>ipsa</span> <span class='ocrx_word' id='word_1_215' title='bbox 1966 2292 2071 2386; x_wconf 87' lang='lat' dir='ltr'>capit.</span> 
     </span>
     <span class='ocr_line' id='line_1_21' title="bbox 76 2393 1870 2513; baseline 0.001 -45"><span class='ocrx_word' id='word_1_216' title='bbox 76 2440 133 2511; x_wconf 67' lang='lat' dir='ltr'>No</span> <span class='ocrx_word' id='word_1_217' title='bbox 166 2431 248 2508; x_wconf 51' lang='lat'><strong>¹55·</strong></span> <span class='ocrx_word' id='word_1_218' title='bbox 859 2415 925 2513; x_wconf 61' lang='lat' dir='ltr'>(m,</span> <span class='ocrx_word' id='word_1_219' title='bbox 942 2422 1026 2489; x_wconf 73' lang='lat'><strong>1533</strong></span> <span class='ocrx_word' id='word_1_220' title='bbox 1036 2415 1070 2512; x_wconf 70' lang='lat' dir='ltr'>p)</span> <span class='ocrx_word' id='word_1_221' title='bbox 1119 2395 1290 2466; x_wconf 86' lang='lat' dir='ltr'>Naturam</span> <span class='ocrx_word' id='word_1_222' title='bbox 1306 2417 1426 2464; x_wconf 88' lang='lat' dir='ltr'>rerum</span> <span class='ocrx_word' id='word_1_223' title='bbox 1442 2406 1553 2464; x_wconf 91' lang='lat' dir='ltr'>totam</span> <span class='ocrx_word' id='word_1_224' title='bbox 1567 2393 1714 2484; x_wconf 85' lang='lat' dir='ltr'>pinxere</span> <span class='ocrx_word' id='word_1_225' title='bbox 1729 2393 1870 2470; x_wconf 74' lang='lat' dir='ltr'>Poetae.</span> 
     </span>
     <span class='ocr_line' id='line_1_22' title="bbox 85 2493 2065 2592; baseline 0 -24"><span class='ocrx_word' id='word_1_226' title='bbox 85 2493 255 2568; x_wconf 44' lang='grc' dir='ltr'>ψ’κυ</span> <span class='ocrx_word' id='word_1_227' title='bbox 858 2513 1067 2546; x_wconf 50' lang='lat' dir='ltr'><em>m</em></span> <span class='ocrx_word' id='word_1_228' title='bbox 1170 2493 1219 2569; x_wconf 86' lang='lat' dir='ltr'>Et</span> <span class='ocrx_word' id='word_1_229' title='bbox 1234 2521 1375 2567; x_wconf 91' lang='lat' dir='ltr'>morum</span> <span class='ocrx_word' id='word_1_230' title='bbox 1392 2519 1483 2588; x_wconf 92' lang='lat' dir='ltr'>quae</span> <span class='ocrx_word' id='word_1_231' title='bbox 1500 2496 1546 2565; x_wconf 90' lang='lat' dir='ltr'>sit</span> <span class='ocrx_word' id='word_1_232' title='bbox 1562 2519 1688 2566; x_wconf 90' lang='lat' dir='ltr'>norma</span> <span class='ocrx_word' id='word_1_233' title='bbox 1703 2501 1901 2592; x_wconf 89' lang='lat' dir='ltr'>sequenda,</span> <span class='ocrx_word' id='word_1_234' title='bbox 1926 2499 2065 2568; x_wconf 85' lang='lat' dir='ltr'>docent.</span> 
     </span>
     <span class='ocr_line' id='line_1_23' title="bbox 145 2595 1921 2692; baseline -0.011 -2"><span class='ocrx_word' id='word_1_235' title='bbox 145 2617 222 2690; x_wconf 68' lang='lat'>01³9·</span> <span class='ocrx_word' id='word_1_236' title='bbox 240 2613 308 2670; x_wconf 64' lang='lat' dir='ltr'>Mel·</span> <span class='ocrx_word' id='word_1_237' title='bbox 326 2608 407 2666; x_wconf 70' lang='lat' dir='ltr'>Raeti.</span> <span class='ocrx_word' id='word_1_238' title='bbox 426 2607 459 2662; x_wconf 79' lang='grc' dir='ltr'>Τ·</span> <span class='ocrx_word' id='word_1_239' title='bbox 474 2605 509 2662; x_wconf 84' lang='lat' dir='ltr'>V·</span> <span class='ocrx_word' id='word_1_240' title='bbox 528 2622 554 2676; x_wconf 83' lang='lat' dir='ltr'>P·</span> <span class='ocrx_word' id='word_1_241' title='bbox 568 2603 629 2660; x_wconf 75' lang='lat'>³⁵⁸·</span> <span class='ocrx_word' id='word_1_242' title='bbox 666 2599 794 2656; x_wconf 74' lang='lat' dir='ltr'>vincent.</span> <span class='ocrx_word' id='word_1_243' title='bbox 814 2619 839 2672; x_wconf 79' lang='grc' dir='ltr'>Ρ·</span> <span class='ocrx_word' id='word_1_244' title='bbox 854 2599 911 2653; x_wconf 79' lang='lat'>²⁸⁸·</span> <span class='ocrx_word' id='word_1_245' title='bbox 1120 2599 1169 2670; x_wconf 89' lang='lat' dir='ltr'>Hi</span> <span class='ocrx_word' id='word_1_246' title='bbox 1185 2610 1473 2670; x_wconf 88' lang='lat' dir='ltr'>monstraverunt</span> <span class='ocrx_word' id='word_1_247' title='bbox 1487 2595 1578 2666; x_wconf 89' lang='lat' dir='ltr'>coeli</span> <span class='ocrx_word' id='word_1_248' title='bbox 1595 2599 1733 2690; x_wconf 85' lang='lat' dir='ltr'>fastigia</span> <span class='ocrx_word' id='word_1_249' title='bbox 1748 2601 1921 2692; x_wconf 91' lang='lat' dir='ltr'>primum,</span> 
     </span>
     <span class='ocr_line' id='line_1_24' title="bbox 272 2699 2007 2798; baseline -0.001 -26"><span class='ocrx_word' id='word_1_250' title='bbox 272 2781 281 2798; x_wconf 31' lang='grc' dir='ltr'><strong>ο</strong></span> <span class='ocrx_word' id='word_1_251' title='bbox 383 2774 391 2792; x_wconf 59' lang='lat'><em>,</em></span> <span class='ocrx_word' id='word_1_252' title='bbox 742 2767 749 2782; x_wconf 83' lang='lat'>,</span> <span class='ocrx_word' id='word_1_253' title='bbox 857 2765 866 2780; x_wconf 83' lang='grc'>,</span> <span class='ocrx_word' id='word_1_254' title='bbox 1170 2701 1254 2772; x_wconf 83' lang='grc' dir='ltr'><strong>Νοιι</strong></span> <span class='ocrx_word' id='word_1_255' title='bbox 1269 2701 1459 2790; x_wconf 88' lang='lat' dir='ltr'>mergenda</span> <span class='ocrx_word' id='word_1_256' title='bbox 1473 2700 1564 2770; x_wconf 89' lang='lat' dir='ltr'>mari</span> <span class='ocrx_word' id='word_1_257' title='bbox 1582 2699 1871 2798; x_wconf 85' lang='lat' dir='ltr'>quaeCynosura</span> <span class='ocrx_word' id='word_1_258' title='bbox 1887 2713 2007 2784; x_wconf 87' lang='lat' dir='ltr'>notat,</span> 
     </span>
     <span class='ocr_line' id='line_1_25' title="bbox 212 2767 1902 2890; baseline 0.001 -18"><span class='ocrx_word' id='word_1_259' title='bbox 212 2769 458 2871; x_wconf 65' lang='lat' dir='ltr'>Elel&#39;l&#39;mm</span> <span class='ocrx_word' id='word_1_260' title='bbox 482 2773 604 2840; x_wconf 64' lang='lat' dir='ltr'>lm·</span> <span class='ocrx_word' id='word_1_261' title='bbox 633 2787 658 2835; x_wconf 66' lang='grc' dir='ltr'><em>α</em></span> <span class='ocrx_word' id='word_1_262' title='bbox 683 2767 813 2858; x_wconf 74' lang='lat' dir='ltr'>Msap</span> <span class='ocrx_word' id='word_1_263' title='bbox 822 2783 865 2832; x_wconf 60' lang='grc' dir='ltr'>ω</span> <span class='ocrx_word' id='word_1_264' title='bbox 876 2769 931 2830; x_wconf 55' lang='grc' dir='ltr'>η’</span> <span class='ocrx_word' id='word_1_265' title='bbox 1121 2805 1170 2878; x_wconf 93' lang='lat' dir='ltr'>Ut</span> <span class='ocrx_word' id='word_1_266' title='bbox 1186 2817 1329 2875; x_wconf 90' lang='lat' dir='ltr'>teneant</span> <span class='ocrx_word' id='word_1_267' title='bbox 1346 2815 1455 2873; x_wconf 84' lang='lat' dir='ltr'>metas</span> <span class='ocrx_word' id='word_1_268' title='bbox 1469 2803 1624 2874; x_wconf 85' lang='lat' dir='ltr'>errantia</span> <span class='ocrx_word' id='word_1_269' title='bbox 1640 2805 1755 2875; x_wconf 84' lang='lat' dir='ltr'>sidera</span> <span class='ocrx_word' id='word_1_270' title='bbox 1773 2821 1902 2890; x_wconf 87' lang='lat' dir='ltr'>certas,</span> 
     </span>
     <span class='ocr_line' id='line_1_26' title="bbox 76 2893 1909 3002; baseline -0.017 -13"><span class='ocrx_word' id='word_1_271' title='bbox 76 2917 143 2990; x_wconf 86' lang='lat' dir='ltr'>llic</span> <span class='ocrx_word' id='word_1_272' title='bbox 158 2913 299 2989; x_wconf 92' lang='lat' dir='ltr'>tumulo</span> <span class='ocrx_word' id='word_1_273' title='bbox 316 2906 457 3002; x_wconf 89' lang='lat' dir='ltr'>placida</span> <span class='ocrx_word' id='word_1_274' title='bbox 476 2903 662 2974; x_wconf 84' lang='lat' dir='ltr'>defunctus</span> <span class='ocrx_word' id='word_1_275' title='bbox 677 2910 792 2969; x_wconf 89' lang='lat' dir='ltr'>morte</span> <span class='ocrx_word' id='word_1_276' title='bbox 807 2893 976 2980; x_wconf 88' lang='lat' dir='ltr'>loannes,</span> <span class='ocrx_word' id='word_1_277' title='bbox 1172 2906 1350 2998; x_wconf 63' lang='lat' dir='ltr'>signifero</span> <span class='ocrx_word' id='word_1_278' title='bbox 1366 2900 1505 2976; x_wconf 68' lang='lat' dir='ltr'>Phoebi</span> <span class='ocrx_word' id='word_1_279' title='bbox 1520 2930 1610 3000; x_wconf 62' lang='lat' dir='ltr'>quae</span> <span class='ocrx_word' id='word_1_280' title='bbox 1626 2907 1723 2978; x_wconf 63' lang='lat'>5311„</span> <span class='ocrx_word' id='word_1_281' title='bbox 1741 2895 1827 2980; x_wconf 78' lang='lat' dir='ltr'>orbe</span> <span class='ocrx_word' id='word_1_282' title='bbox 1841 2908 1909 2978; x_wconf 62' lang='lat' dir='ltr'>via,</span> 
     </span>
     <span class='ocr_line' id='line_1_27' title="bbox 126 2999 1982 3108; baseline -0.002 -26"><span class='ocrx_word' id='word_1_283' title='bbox 126 3013 342 3108; x_wconf 78' lang='lat' dir='ltr'>Mingvitiae</span> <span class='ocrx_word' id='word_1_284' title='bbox 356 3009 469 3101; x_wconf 78' lang='lat' dir='ltr'>gentis</span> <span class='ocrx_word' id='word_1_285' title='bbox 487 3005 598 3097; x_wconf 71' lang='lat' dir='ltr'>gloria</span> <span class='ocrx_word' id='word_1_286' title='bbox 614 3025 753 3072; x_wconf 72' lang='lat' dir='ltr'>summa</span> <span class='ocrx_word' id='word_1_287' title='bbox 769 2999 886 3072; x_wconf 65' lang='lat' dir='ltr'>tubal·</span> <span class='ocrx_word' id='word_1_288' title='bbox 934 3091 941 3100; x_wconf 89' lang='lat'>.</span> <span class='ocrx_word' id='word_1_289' title='bbox 1121 3009 1278 3081; x_wconf 89' lang='lat' dir='ltr'>Tardior</span> <span class='ocrx_word' id='word_1_290' title='bbox 1290 3009 1423 3080; x_wconf 90' lang='lat' dir='ltr'>aestivo</span> <span class='ocrx_word' id='word_1_291' title='bbox 1438 3033 1502 3078; x_wconf 91' lang='lat' dir='ltr'>cur</span> <span class='ocrx_word' id='word_1_292' title='bbox 1515 3003 1685 3082; x_wconf 88' lang='lat' dir='ltr'>Phoebus</span> <span class='ocrx_word' id='word_1_293' title='bbox 1700 3011 1737 3080; x_wconf 93' lang='lat' dir='ltr'>in</span> <span class='ocrx_word' id='word_1_294' title='bbox 1754 3005 1982 3082; x_wconf 74' lang='lat' dir='ltr'>asserebatur</span> 
     </span>
     <span class='ocr_line' id='line_1_28' title="bbox 75 3097 1954 3217; baseline -0.01 -17"><span class='ocrx_word' id='word_1_295' title='bbox 75 3126 151 3217; x_wconf 84' lang='lat' dir='ltr'>Qui</span> <span class='ocrx_word' id='word_1_296' title='bbox 170 3118 309 3214; x_wconf 57' lang='lat' dir='ltr'>geneth</span> <span class='ocrx_word' id='word_1_297' title='bbox 322 3113 445 3186; x_wconf 71' lang='lat' dir='ltr'>illul⁰⁵</span> <span class='ocrx_word' id='word_1_298' title='bbox 461 3109 558 3180; x_wconf 64' lang='lat' dir='ltr'>auxil</span> <span class='ocrx_word' id='word_1_299' title='bbox 575 3104 717 3176; x_wconf 69' lang='lat' dir='ltr'>Vl¹l⁰¹l⁵</span> <span class='ocrx_word' id='word_1_300' title='bbox 733 3097 891 3190; x_wconf 68' lang='lat' dir='ltr'>h⁰¹¹9l²2</span> <span class='ocrx_word' id='word_1_301' title='bbox 1171 3111 1263 3185; x_wconf 92' lang='lat' dir='ltr'>Cum</span> <span class='ocrx_word' id='word_1_302' title='bbox 1280 3124 1422 3204; x_wconf 85' lang='lat' dir='ltr'>superat</span> <span class='ocrx_word' id='word_1_303' title='bbox 1437 3111 1552 3182; x_wconf 90' lang='lat' dir='ltr'>noctis</span> <span class='ocrx_word' id='word_1_304' title='bbox 1567 3126 1725 3206; x_wconf 87' lang='lat' dir='ltr'>tempora</span> <span class='ocrx_word' id='word_1_305' title='bbox 1743 3116 1848 3206; x_wconf 89' lang='lat' dir='ltr'>longa</span> <span class='ocrx_word' id='word_1_306' title='bbox 1866 3114 1954 3184; x_wconf 89' lang='lat' dir='ltr'>dies.</span> 
     </span>
     <span class='ocr_line' id='line_1_29' title="bbox 128 3205 2063 3318; baseline -0.007 -22"><span class='ocrx_word' id='word_1_307' title='bbox 128 3226 248 3318; x_wconf 86' lang='lat' dir='ltr'>Quam</span> <span class='ocrx_word' id='word_1_308' title='bbox 264 3240 402 3310; x_wconf 79' lang='lat' dir='ltr'>semper</span> <span class='ocrx_word' id='word_1_309' title='bbox 416 3235 594 3284; x_wconf 74' lang='lat' dir='ltr'>summum</span> <span class='ocrx_word' id='word_1_310' title='bbox 608 3207 760 3278; x_wconf 60' lang='lat' dir='ltr'>credidit</span> <span class='ocrx_word' id='word_1_311' title='bbox 777 3225 849 3272; x_wconf 71' lang='lat'>²⁵⁸⁰</span> <span class='ocrx_word' id='word_1_312' title='bbox 870 3205 986 3276; x_wconf 60' lang='lat' dir='ltr'>decu&amp;</span> <span class='ocrx_word' id='word_1_313' title='bbox 1122 3215 1327 3308; x_wconf 89' lang='lat' dir='ltr'>Brumaque</span> <span class='ocrx_word' id='word_1_314' title='bbox 1344 3239 1407 3284; x_wconf 92' lang='lat' dir='ltr'>cur</span> <span class='ocrx_word' id='word_1_315' title='bbox 1423 3227 1543 3284; x_wconf 88' lang='lat' dir='ltr'>noctes</span> <span class='ocrx_word' id='word_1_316' title='bbox 1560 3217 1724 3286; x_wconf 84' lang='lat' dir='ltr'>extendat</span> <span class='ocrx_word' id='word_1_317' title='bbox 1739 3218 1886 3307; x_wconf 86' lang='lat' dir='ltr'>frigida,</span> <span class='ocrx_word' id='word_1_318' title='bbox 1919 3215 2063 3312; x_wconf 91' lang='lat' dir='ltr'>quando</span> 
     </span>
     <span class='ocr_line' id='line_1_30' title="bbox 74 3307 1875 3428; baseline -0.008 -24"><span class='ocrx_word' id='word_1_319' title='bbox 74 3331 193 3428; x_wconf 87' lang='lat' dir='ltr'>lpsius</span> <span class='ocrx_word' id='word_1_320' title='bbox 210 3327 249 3396; x_wconf 90' lang='lat' dir='ltr'>in</span> <span class='ocrx_word' id='word_1_321' title='bbox 268 3321 436 3415; x_wconf 88' lang='lat' dir='ltr'>gravibus</span> <span class='ocrx_word' id='word_1_322' title='bbox 452 3312 639 3408; x_wconf 90' lang='lat' dir='ltr'>prudentie</span> <span class='ocrx_word' id='word_1_323' title='bbox 655 3307 793 3398; x_wconf 71' lang='lat' dir='ltr'>cognita</span> <span class='ocrx_word' id='word_1_324' title='bbox 810 3307 934 3390; x_wconf 68' lang='lat' dir='ltr'>rebus,</span> <span class='ocrx_word' id='word_1_325' title='bbox 1172 3315 1248 3388; x_wconf 92' lang='lat' dir='ltr'>lma</span> <span class='ocrx_word' id='word_1_326' title='bbox 1265 3331 1361 3388; x_wconf 92' lang='lat' dir='ltr'>tenet</span> <span class='ocrx_word' id='word_1_327' title='bbox 1375 3317 1505 3385; x_wconf 89' lang='lat' dir='ltr'>celeres</span> <span class='ocrx_word' id='word_1_328' title='bbox 1520 3318 1635 3387; x_wconf 90' lang='lat' dir='ltr'>orbita</span> <span class='ocrx_word' id='word_1_329' title='bbox 1652 3319 1737 3388; x_wconf 90' lang='lat' dir='ltr'>solis</span> <span class='ocrx_word' id='word_1_330' title='bbox 1753 3344 1875 3412; x_wconf 88' lang='lat' dir='ltr'>equos.</span> 
     </span>
     <span class='ocr_line' id='line_1_31' title="bbox 126 3410 2049 3514; baseline -0.007 -9"><span class='ocrx_word' id='word_1_331' title='bbox 126 3430 176 3506; x_wconf 86' lang='lat' dir='ltr'>Et</span> <span class='ocrx_word' id='word_1_332' title='bbox 191 3451 293 3500; x_wconf 89' lang='lat' dir='ltr'>mens</span> <span class='ocrx_word' id='word_1_333' title='bbox 307 3420 456 3494; x_wconf 88' lang='lat' dir='ltr'>consilio</span> <span class='ocrx_word' id='word_1_334' title='bbox 469 3419 593 3509; x_wconf 89' lang='lat' dir='ltr'>plena,</span> <span class='ocrx_word' id='word_1_335' title='bbox 626 3414 764 3504; x_wconf 83' lang='lat' dir='ltr'>fideque</span> <span class='ocrx_word' id='word_1_336' title='bbox 781 3410 861 3480; x_wconf 85' lang='lat' dir='ltr'>luit.</span> <span class='ocrx_word' id='word_1_337' title='bbox 1122 3421 1275 3492; x_wconf 88' lang='lat' dir='ltr'>Lumine</span> <span class='ocrx_word' id='word_1_338' title='bbox 1290 3442 1354 3489; x_wconf 90' lang='lat' dir='ltr'>cur</span> <span class='ocrx_word' id='word_1_339' title='bbox 1368 3433 1484 3488; x_wconf 86' lang='lat' dir='ltr'>careat</span> <span class='ocrx_word' id='word_1_340' title='bbox 1500 3443 1579 3490; x_wconf 90' lang='lat' dir='ltr'>cum</span> <span class='ocrx_word' id='word_1_341' title='bbox 1595 3418 1671 3491; x_wconf 90' lang='lat' dir='ltr'>Soli</span> <span class='ocrx_word' id='word_1_342' title='bbox 1687 3423 1846 3514; x_wconf 85' lang='lat' dir='ltr'>proxima</span> <span class='ocrx_word' id='word_1_343' title='bbox 1858 3420 1962 3492; x_wconf 90' lang='lat' dir='ltr'>Luna</span> <span class='ocrx_word' id='word_1_344' title='bbox 1980 3434 2049 3504; x_wconf 89' lang='lat' dir='ltr'>cst,</span> 
     </span>
     <span class='ocr_line' id='line_1_32' title="bbox 72 3509 1870 3630; baseline -0.01 -18"><span class='ocrx_word' id='word_1_345' title='bbox 72 3535 233 3630; x_wconf 81' lang='lat' dir='ltr'>Eloquio</span> <span class='ocrx_word' id='word_1_346' title='bbox 253 3527 350 3600; x_wconf 80' lang='lat' dir='ltr'>llexit</span> <span class='ocrx_word' id='word_1_347' title='bbox 363 3543 573 3612; x_wconf 77' lang='lat' dir='ltr'>magnorum</span> <span class='ocrx_word' id='word_1_348' title='bbox 586 3529 729 3608; x_wconf 70' lang='lat' dir='ltr'>pectora</span> <span class='ocrx_word' id='word_1_349' title='bbox 745 3509 903 3603; x_wconf 70' lang='lat' dir='ltr'>Regum,</span> <span class='ocrx_word' id='word_1_350' title='bbox 1172 3519 1220 3594; x_wconf 88' lang='lat' dir='ltr'>Et</span> <span class='ocrx_word' id='word_1_351' title='bbox 1238 3523 1354 3592; x_wconf 89' lang='lat' dir='ltr'>medio</span> <span class='ocrx_word' id='word_1_352' title='bbox 1370 3521 1515 3591; x_wconf 77' lang='lat' dir='ltr'>fratrem</span> <span class='ocrx_word' id='word_1_353' title='bbox 1532 3547 1595 3591; x_wconf 92' lang='lat' dir='ltr'>cur</span> <span class='ocrx_word' id='word_1_354' title='bbox 1613 3536 1705 3614; x_wconf 86' lang='lat' dir='ltr'>tegat</span> <span class='ocrx_word' id='word_1_355' title='bbox 1720 3525 1794 3616; x_wconf 90' lang='lat' dir='ltr'>ipsa</span> <span class='ocrx_word' id='word_1_356' title='bbox 1811 3525 1870 3594; x_wconf 92' lang='lat' dir='ltr'>dic</span> 
     </span>
     <span class='ocr_line' id='line_1_33' title="bbox 128 3615 2016 3717; baseline -0.006 -10"><span class='ocrx_word' id='word_1_357' title='bbox 128 3637 278 3712; x_wconf 82' lang='lat' dir='ltr'>Artibus</span> <span class='ocrx_word' id='word_1_358' title='bbox 293 3645 329 3700; x_wconf 82' lang='lat' dir='ltr'>et</span> <span class='ocrx_word' id='word_1_359' title='bbox 343 3625 478 3698; x_wconf 71' lang='lat' dir='ltr'>cunclls</span> <span class='ocrx_word' id='word_1_360' title='bbox 494 3619 616 3692; x_wconf 71' lang='lat' dir='ltr'>fl⁰fflll</span> <span class='ocrx_word' id='word_1_361' title='bbox 632 3619 694 3687; x_wconf 64' lang='lat' dir='ltr'>ille</span> <span class='ocrx_word' id='word_1_362' title='bbox 708 3631 820 3704; x_wconf 51' lang='lat'><strong>¹⁰8³&amp;</strong></span> <span class='ocrx_word' id='word_1_363' title='bbox 1125 3626 1173 3700; x_wconf 91' lang='lat' dir='ltr'>Ut</span> <span class='ocrx_word' id='word_1_364' title='bbox 1185 3623 1502 3697; x_wconf 89' lang='lat' dir='ltr'>Lunaminvolvat</span> <span class='ocrx_word' id='word_1_365' title='bbox 1519 3615 1625 3695; x_wconf 86' lang='lat' dir='ltr'>tellus</span> <span class='ocrx_word' id='word_1_366' title='bbox 1639 3627 1843 3717; x_wconf 89' lang='lat' dir='ltr'>ingentibus</span> <span class='ocrx_word' id='word_1_367' title='bbox 1860 3627 2016 3710; x_wconf 89' lang='lat' dir='ltr'>umbris,</span> 
     </span>
     <span class='ocr_line' id='line_1_34' title="bbox 72 3721 1998 3836; baseline -0.01 -20"><span class='ocrx_word' id='word_1_368' title='bbox 72 3739 125 3816; x_wconf 87' lang='lat' dir='ltr'>Et</span> <span class='ocrx_word' id='word_1_369' title='bbox 139 3741 221 3836; x_wconf 90' lang='lat' dir='ltr'>pius</span> <span class='ocrx_word' id='word_1_370' title='bbox 233 3737 278 3808; x_wconf 88' lang='lat' dir='ltr'>ad</span> <span class='ocrx_word' id='word_1_371' title='bbox 297 3731 429 3826; x_wconf 79' lang='lat' dir='ltr'>patriae</span> <span class='ocrx_word' id='word_1_372' title='bbox 444 3723 595 3818; x_wconf 81' lang='lat' dir='ltr'>respexit</span> <span class='ocrx_word' id='word_1_373' title='bbox 608 3721 800 3791; x_wconf 87' lang='lat' dir='ltr'>commoda</span> <span class='ocrx_word' id='word_1_374' title='bbox 812 3733 969 3808; x_wconf 73' lang='lat' dir='ltr'>semper,</span> <span class='ocrx_word' id='word_1_375' title='bbox 1173 3725 1221 3799; x_wconf 86' lang='lat' dir='ltr'>Et</span> <span class='ocrx_word' id='word_1_376' title='bbox 1234 3739 1326 3798; x_wconf 89' lang='lat' dir='ltr'>vetet</span> <span class='ocrx_word' id='word_1_377' title='bbox 1340 3727 1505 3818; x_wconf 92' lang='lat' dir='ltr'>opposito</span> <span class='ocrx_word' id='word_1_378' title='bbox 1519 3727 1655 3797; x_wconf 92' lang='lat' dir='ltr'>lumine</span> <span class='ocrx_word' id='word_1_379' title='bbox 1669 3753 1768 3821; x_wconf 87' lang='lat' dir='ltr'>posse</span> <span class='ocrx_word' id='word_1_380' title='bbox 1785 3729 1871 3800; x_wconf 89' lang='lat' dir='ltr'>frui.</span> <span class='ocrx_word' id='word_1_381' title='bbox 1995 3749 1998 3756; x_wconf 84' lang='grc'><strong>’</strong></span> 
     </span>
     <span class='ocr_line' id='line_1_35' title="bbox 128 3821 1993 3938; baseline -0.008 -21"><span class='ocrx_word' id='word_1_382' title='bbox 128 3845 248 3938; x_wconf 83' lang='lat' dir='ltr'>Atque</span> <span class='ocrx_word' id='word_1_383' title='bbox 264 3849 368 3908; x_wconf 87' lang='lat' dir='ltr'>autor</span> <span class='ocrx_word' id='word_1_384' title='bbox 382 3829 493 3902; x_wconf 89' lang='lat' dir='ltr'>dubio</span> <span class='ocrx_word' id='word_1_385' title='bbox 511 3841 670 3916; x_wconf 84' lang='lat' dir='ltr'>tempore</span> <span class='ocrx_word' id='word_1_386' title='bbox 684 3821 780 3914; x_wconf 69' lang='lat' dir='ltr'>pacis</span> <span class='ocrx_word' id='word_1_387' title='bbox 799 3831 881 3888; x_wconf 71' lang='lat' dir='ltr'>erat·</span> <span class='ocrx_word' id='word_1_388' title='bbox 1124 3831 1294 3924; x_wconf 87' lang='lat' dir='ltr'>Quasque</span> <span class='ocrx_word' id='word_1_389' title='bbox 1310 3828 1404 3897; x_wconf 86' lang='lat' dir='ltr'>vices</span> <span class='ocrx_word' id='word_1_390' title='bbox 1419 3843 1560 3899; x_wconf 90' lang='lat' dir='ltr'>servent</span> <span class='ocrx_word' id='word_1_391' title='bbox 1576 3831 1726 3902; x_wconf 88' lang='lat' dir='ltr'>orientia</span> <span class='ocrx_word' id='word_1_392' title='bbox 1743 3829 1858 3902; x_wconf 86' lang='lat' dir='ltr'>sidera</span> <span class='ocrx_word' id='word_1_393' title='bbox 1876 3833 1993 3916; x_wconf 88' lang='lat' dir='ltr'>coelo,</span> 
     </span>
     <span class='ocr_line' id='line_1_36' title="bbox 73 3919 1897 4042; baseline -0.021 -23"><span class='ocrx_word' id='word_1_394' title='bbox 73 3949 200 4042; x_wconf 88' lang='lat' dir='ltr'>Quare</span> <span class='ocrx_word' id='word_1_395' title='bbox 213 3937 375 4014; x_wconf 87' lang='lat' dir='ltr'>dilllciles</span> <span class='ocrx_word' id='word_1_396' title='bbox 388 3933 489 4004; x_wconf 89' lang='lat' dir='ltr'>aulae</span> <span class='ocrx_word' id='word_1_397' title='bbox 506 3930 708 3998; x_wconf 88' lang='lat' dir='ltr'>moderator</span> <span class='ocrx_word' id='word_1_398' title='bbox 722 3919 880 3992; x_wconf 84' lang='lat' dir='ltr'>babcnas</span> <span class='ocrx_word' id='word_1_399' title='bbox 1173 3929 1221 4004; x_wconf 68' lang='lat' dir='ltr'>Et</span> <span class='ocrx_word' id='word_1_400' title='bbox 1237 3957 1308 4026; x_wconf 74' lang='lat' dir='ltr'>quo</span> <span class='ocrx_word' id='word_1_401' title='bbox 1324 3931 1506 4000; x_wconf 65' lang='lat' dir='ltr'>discedam</span> <span class='ocrx_word' id='word_1_402' title='bbox 1519 3933 1645 4002; x_wconf 61' lang='lat' dir='ltr'><strong>ordine</strong></span> <span class='ocrx_word' id='word_1_403' title='bbox 1662 3957 1773 4004; x_wconf 64' lang='lat' dir='ltr'>mem</span> <span class='ocrx_word' id='word_1_404' title='bbox 1790 3935 1897 4021; x_wconf 57' lang='lat' dir='ltr'><strong>mari,</strong></span> 
     </span>
     <span class='ocr_line' id='line_1_37' title="bbox 127 4023 2079 4132; baseline 0.002 -22"><span class='ocrx_word' id='word_1_405' title='bbox 127 4035 297 4122; x_wconf 72' lang='lat' dir='ltr'>saxonici</span> <span class='ocrx_word' id='word_1_406' title='bbox 314 4037 405 4110; x_wconf 84' lang='lat' dir='ltr'>rexit</span> <span class='ocrx_word' id='word_1_407' title='bbox 424 4033 686 4122; x_wconf 86' lang='lat' dir='ltr'>consiliumque</span> <span class='ocrx_word' id='word_1_408' title='bbox 701 4023 823 4098; x_wconf 65' lang='grc' dir='ltr'>Βῑὶῑῑθο</span> <span class='ocrx_word' id='word_1_409' title='bbox 1125 4033 1227 4126; x_wconf 83' lang='lat' dir='ltr'>Quae</span> <span class='ocrx_word' id='word_1_410' title='bbox 1240 4034 1361 4106; x_wconf 88' lang='lat' dir='ltr'>stellae</span> <span class='ocrx_word' id='word_1_411' title='bbox 1378 4033 1477 4104; x_wconf 90' lang='lat' dir='ltr'>diros</span> <span class='ocrx_word' id='word_1_412' title='bbox 1495 4051 1679 4122; x_wconf 87' lang='lat' dir='ltr'>moveant,</span> <span class='ocrx_word' id='word_1_413' title='bbox 1705 4051 1881 4132; x_wconf 90' lang='lat' dir='ltr'>urantque</span> <span class='ocrx_word' id='word_1_414' title='bbox 1896 4034 2079 4114; x_wconf 72' lang='lat' dir='ltr'>Cometes,</span> 
     </span>
     <span class='ocr_line' id='line_1_38' title="bbox 72 4125 1917 4244; baseline -0.011 -17"><span class='ocrx_word' id='word_1_415' title='bbox 72 4151 174 4244; x_wconf 78' lang='lat' dir='ltr'>Ergo</span> <span class='ocrx_word' id='word_1_416' title='bbox 188 4149 292 4220; x_wconf 86' lang='lat' dir='ltr'>illum</span> <span class='ocrx_word' id='word_1_417' title='bbox 309 4139 472 4238; x_wconf 87' lang='lat' dir='ltr'>quamvis</span> <span class='ocrx_word' id='word_1_418' title='bbox 487 4131 715 4230; x_wconf 70' lang='lat' dir='ltr'>properantia</span> <span class='ocrx_word' id='word_1_419' title='bbox 731 4130 800 4199; x_wconf 76' lang='lat' dir='ltr'>fata</span> <span class='ocrx_word' id='word_1_420' title='bbox 818 4125 996 4201; x_wconf 66' lang='lat' dir='ltr'>llllefflsslr</span> <span class='ocrx_word' id='word_1_421' title='bbox 1175 4135 1228 4208; x_wconf 87' lang='lat' dir='ltr'>Ac</span> <span class='ocrx_word' id='word_1_422' title='bbox 1241 4135 1395 4206; x_wconf 87' lang='lat' dir='ltr'>llammis</span> <span class='ocrx_word' id='word_1_423' title='bbox 1414 4137 1491 4206; x_wconf 87' lang='lat' dir='ltr'>istis</span> <span class='ocrx_word' id='word_1_424' title='bbox 1506 4153 1668 4230; x_wconf 90' lang='lat' dir='ltr'>suppetat</span> <span class='ocrx_word' id='word_1_425' title='bbox 1683 4141 1779 4208; x_wconf 91' lang='lat' dir='ltr'>unde</span> <span class='ocrx_word' id='word_1_426' title='bbox 1794 4164 1917 4228; x_wconf 88' lang='lat' dir='ltr'>vapor.</span> 
     </span>
     <span class='ocr_line' id='line_1_39' title="bbox 16 4239 1967 4331; baseline -0.008 -6"><span class='ocrx_word' id='word_1_427' title='bbox 16 4253 20 4263; x_wconf 86' lang='grc'><strong>’</strong></span> <span class='ocrx_word' id='word_1_428' title='bbox 128 4249 284 4324; x_wconf 90' lang='lat' dir='ltr'>Virtutis</span> <span class='ocrx_word' id='word_1_429' title='bbox 297 4247 403 4318; x_wconf 88' lang='lat' dir='ltr'>durat</span> <span class='ocrx_word' id='word_1_430' title='bbox 419 4239 529 4331; x_wconf 88' lang='lat' dir='ltr'>gloria</span> <span class='ocrx_word' id='word_1_431' title='bbox 546 4257 670 4326; x_wconf 75' lang='lat' dir='ltr'>magna</span> <span class='ocrx_word' id='word_1_432' title='bbox 688 4247 818 4304; x_wconf 76' lang='lat' dir='ltr'>lamen·</span> <span class='ocrx_word' id='word_1_433' title='bbox 1123 4241 1177 4312; x_wconf 92' lang='lat' dir='ltr'>Ne</span> <span class='ocrx_word' id='word_1_434' title='bbox 1194 4261 1316 4310; x_wconf 88' lang='lat' dir='ltr'>causas</span> <span class='ocrx_word' id='word_1_435' title='bbox 1329 4239 1480 4309; x_wconf 85' lang='lat' dir='ltr'>recitant</span> <span class='ocrx_word' id='word_1_436' title='bbox 1492 4253 1651 4327; x_wconf 86' lang='lat' dir='ltr'>tantum,</span> <span class='ocrx_word' id='word_1_437' title='bbox 1678 4243 1738 4310; x_wconf 89' lang='lat' dir='ltr'>sed</span> <span class='ocrx_word' id='word_1_438' title='bbox 1753 4241 1820 4310; x_wconf 84' lang='lat' dir='ltr'>lata</span> <span class='ocrx_word' id='word_1_439' title='bbox 1838 4239 1967 4312; x_wconf 78' lang='lat' dir='ltr'>Poetae</span> 
     </span>
     <span class='ocr_line' id='line_1_40' title="bbox 73 4331 1994 4452; baseline -0.007 -25"><span class='ocrx_word' id='word_1_440' title='bbox 73 4359 139 4432; x_wconf 86' lang='lat' dir='ltr'>Tu</span> <span class='ocrx_word' id='word_1_441' title='bbox 155 4375 297 4452; x_wconf 90' lang='lat' dir='ltr'>quoque</span> <span class='ocrx_word' id='word_1_442' title='bbox 312 4351 375 4418; x_wconf 89' lang='lat' dir='ltr'>des</span> <span class='ocrx_word' id='word_1_443' title='bbox 389 4343 443 4414; x_wconf 93' lang='lat' dir='ltr'>illi</span> <span class='ocrx_word' id='word_1_444' title='bbox 459 4340 638 4418; x_wconf 87' lang='lat' dir='ltr'>coelestis,</span> <span class='ocrx_word' id='word_1_445' title='bbox 671 4334 800 4426; x_wconf 71' lang='lat' dir='ltr'>gaudia</span> <span class='ocrx_word' id='word_1_446' title='bbox 813 4331 926 4416; x_wconf 88' lang='lat' dir='ltr'>vitae,</span> <span class='ocrx_word' id='word_1_447' title='bbox 1175 4341 1412 4425; x_wconf 89' lang='lat' dir='ltr'>Describunt,</span> <span class='ocrx_word' id='word_1_448' title='bbox 1438 4341 1514 4410; x_wconf 87' lang='lat' dir='ltr'>lieri</span> <span class='ocrx_word' id='word_1_449' title='bbox 1529 4367 1594 4412; x_wconf 90' lang='lat' dir='ltr'>nec</span> <span class='ocrx_word' id='word_1_450' title='bbox 1610 4357 1739 4412; x_wconf 89' lang='lat' dir='ltr'>temere</span> <span class='ocrx_word' id='word_1_451' title='bbox 1756 4344 1819 4412; x_wconf 87' lang='lat' dir='ltr'>ista</span> <span class='ocrx_word' id='word_1_452' title='bbox 1836 4355 1994 4414; x_wconf 87' lang='lat' dir='ltr'>monent.</span> 
     </span>
     <span class='ocr_line' id='line_1_41' title="bbox 128 4433 2057 4552; baseline -0.008 -20"><span class='ocrx_word' id='word_1_453' title='bbox 128 4459 232 4552; x_wconf 87' lang='lat' dir='ltr'>Quae</span> <span class='ocrx_word' id='word_1_454' title='bbox 247 4452 350 4550; x_wconf 87' lang='lat' dir='ltr'>petiit</span> <span class='ocrx_word' id='word_1_455' title='bbox 367 4447 459 4520; x_wconf 91' lang='lat' dir='ltr'>votis</span> <span class='ocrx_word' id='word_1_456' title='bbox 475 4443 626 4516; x_wconf 84' lang='lat' dir='ltr'>maxime</span> <span class='ocrx_word' id='word_1_457' title='bbox 640 4433 782 4512; x_wconf 87' lang='lat' dir='ltr'>Cbriste</span> <span class='ocrx_word' id='word_1_458' title='bbox 797 4434 877 4526; x_wconf 66' lang='lat' dir='ltr'>piis</span> <span class='ocrx_word' id='word_1_459' title='bbox 1125 4443 1213 4516; x_wconf 87' lang='lat' dir='ltr'>Esse</span> <span class='ocrx_word' id='word_1_460' title='bbox 1229 4441 1345 4514; x_wconf 89' lang='lat' dir='ltr'>Deum</span> <span class='ocrx_word' id='word_1_461' title='bbox 1362 4467 1480 4510; x_wconf 90' lang='lat' dir='ltr'>rerum</span> <span class='ocrx_word' id='word_1_462' title='bbox 1500 4459 1658 4515; x_wconf 90' lang='lat' dir='ltr'>autorem</span> <span class='ocrx_word' id='word_1_463' title='bbox 1677 4457 1866 4532; x_wconf 86' lang='lat' dir='ltr'>testantur,</span> <span class='ocrx_word' id='word_1_464' title='bbox 1899 4461 1932 4516; x_wconf 94' lang='lat' dir='ltr'>et</span> <span class='ocrx_word' id='word_1_465' title='bbox 1949 4447 2057 4518; x_wconf 89' lang='lat' dir='ltr'>istum</span> 
     </span>
     <span class='ocr_line' id='line_1_42' title="bbox 1175 4539 2011 4638; baseline 0 -21"><span class='ocrx_word' id='word_1_466' title='bbox 1175 4545 1361 4617; x_wconf 90' lang='lat' dir='ltr'>Mentibus</span> <span class='ocrx_word' id='word_1_467' title='bbox 1377 4539 1545 4614; x_wconf 90' lang='lat' dir='ltr'>bumanis</span> <span class='ocrx_word' id='word_1_468' title='bbox 1564 4541 1649 4616; x_wconf 87' lang='lat' dir='ltr'>baec</span> <span class='ocrx_word' id='word_1_469' title='bbox 1665 4549 1749 4618; x_wconf 90' lang='lat' dir='ltr'>darc</span> <span class='ocrx_word' id='word_1_470' title='bbox 1766 4547 1864 4638; x_wconf 85' lang='lat' dir='ltr'>signa</span> <span class='ocrx_word' id='word_1_471' title='bbox 1880 4553 2011 4620; x_wconf 85' lang='lat' dir='ltr'>ferunt.</span> 
     </span>
     <span class='ocr_line' id='line_1_43' title="bbox 916 4641 1995 4746; baseline -0.004 -24"><span class='ocrx_word' id='word_1_472' title='bbox 916 4643 947 4652; x_wconf 48' lang='lat'>‘⁸</span> <span class='ocrx_word' id='word_1_473' title='bbox 1002 4645 1015 4650; x_wconf 68' lang='grc'><em>’</em></span> <span class='ocrx_word' id='word_1_474' title='bbox 1040 4643 1048 4648; x_wconf 67' lang='grc'><strong>’</strong></span> <span class='ocrx_word' id='word_1_475' title='bbox 1066 4641 1073 4650; x_wconf 63' lang='grc'>’</span> <span class='ocrx_word' id='word_1_476' title='bbox 1124 4647 1194 4721; x_wconf 91' lang='lat' dir='ltr'>Cui</span> <span class='ocrx_word' id='word_1_477' title='bbox 1208 4673 1283 4720; x_wconf 92' lang='lat' dir='ltr'>non</span> <span class='ocrx_word' id='word_1_478' title='bbox 1296 4671 1352 4718; x_wconf 88' lang='lat' dir='ltr'>res</span> <span class='ocrx_word' id='word_1_479' title='bbox 1367 4647 1477 4718; x_wconf 87' lang='lat' dir='ltr'>libeat</span> <span class='ocrx_word' id='word_1_480' title='bbox 1491 4649 1647 4718; x_wconf 89' lang='lat' dir='ltr'>studiose</span> <span class='ocrx_word' id='word_1_481' title='bbox 1661 4651 1843 4746; x_wconf 83' lang='lat' dir='ltr'>inquirere</span> <span class='ocrx_word' id='word_1_482' title='bbox 1855 4651 1995 4722; x_wconf 88' lang='lat' dir='ltr'>tantas?</span> 
     </span>
    </p>

    <p class='ocr_par' dir='ltr' id='par_1_3' title="bbox 75 4749 2121 5058">
     <span class='ocr_line' id='line_1_44' title="bbox 75 4749 1974 4874; baseline -0.002 -48"><span class='ocrx_word' id='word_1_483' title='bbox 75 4805 133 4874; x_wconf 59' lang='lat' dir='ltr'>No</span> <span class='ocrx_word' id='word_1_484' title='bbox 167 4793 241 4870; x_wconf 71' lang='lat'>155</span> <span class='ocrx_word' id='word_1_485' title='bbox 884 4802 934 4844; x_wconf 80' lang='lat' dir='ltr'>cn.</span> <span class='ocrx_word' id='word_1_486' title='bbox 953 4778 1046 4843; x_wconf 74' lang='lat'><strong>1539,</strong></span> <span class='ocrx_word' id='word_1_487' title='bbox 1175 4750 1274 4824; x_wconf 91' lang='lat' dir='ltr'>Dura</span> <span class='ocrx_word' id='word_1_488' title='bbox 1290 4749 1361 4820; x_wconf 90' lang='lat' dir='ltr'>nisi</span> <span class='ocrx_word' id='word_1_489' title='bbox 1377 4749 1435 4820; x_wconf 89' lang='lat' dir='ltr'>cui</span> <span class='ocrx_word' id='word_1_490' title='bbox 1450 4773 1550 4820; x_wconf 87' lang='lat' dir='ltr'>mens</span> <span class='ocrx_word' id='word_1_491' title='bbox 1567 4765 1618 4822; x_wconf 92' lang='lat' dir='ltr'>est</span> <span class='ocrx_word' id='word_1_492' title='bbox 1637 4749 1836 4824; x_wconf 86' lang='lat' dir='ltr'>Adamante</span> <span class='ocrx_word' id='word_1_493' title='bbox 1852 4754 1974 4844; x_wconf 89' lang='lat' dir='ltr'>magis.</span> 
     </span>
     <span class='ocr_line' id='line_1_45' title="bbox 75 4850 2121 4946; baseline -0.002 -20"><span class='ocrx_word' id='word_1_494' title='bbox 75 4850 258 4932; x_wconf 50' lang='grc' dir='ltr'>’,ὲκ-3</span> <span class='ocrx_word' id='word_1_495' title='bbox 855 4871 1068 4904; x_wconf 55' lang='lat' dir='ltr'><em>m</em></span> <span class='ocrx_word' id='word_1_496' title='bbox 1125 4852 1200 4924; x_wconf 87' lang='lat' dir='ltr'>llas</span> <span class='ocrx_word' id='word_1_497' title='bbox 1225 4853 1510 4946; x_wconf 86' lang='lat' dir='ltr'>complectuntur</span> <span class='ocrx_word' id='word_1_498' title='bbox 1530 4851 1658 4924; x_wconf 88' lang='lat' dir='ltr'>Vatum</span> <span class='ocrx_word' id='word_1_499' title='bbox 1680 4871 1911 4927; x_wconf 89' lang='lat' dir='ltr'>monumenta</span> <span class='ocrx_word' id='word_1_500' title='bbox 1932 4857 2121 4936; x_wconf 90' lang='lat' dir='ltr'>bonorum,</span> 
     </span>
     <span class='ocr_line' id='line_1_46' title="bbox 151 4950 2036 5058; baseline -0.008 -18"><span class='ocrx_word' id='word_1_501' title='bbox 151 4985 232 5058; x_wconf 77' lang='lat' dir='ltr'>apud</span> <span class='ocrx_word' id='word_1_502' title='bbox 247 4982 373 5036; x_wconf 76' lang='lat' dir='ltr'>vincent.</span> <span class='ocrx_word' id='word_1_503' title='bbox 388 4993 415 5048; x_wconf 84' lang='lat' dir='ltr'>p.</span> <span class='ocrx_word' id='word_1_504' title='bbox 430 4970 490 5032; x_wconf 81' lang='lat'><strong>67..</strong></span> <span class='ocrx_word' id='word_1_505' title='bbox 513 4966 561 5038; x_wconf 80' lang='lat' dir='ltr'>qut</span> <span class='ocrx_word' id='word_1_506' title='bbox 574 4963 688 5038; x_wconf 65' lang='lat' dir='ltr'>margini</span> <span class='ocrx_word' id='word_1_507' title='bbox 704 4958 860 5045; x_wconf 64' lang='lat' dir='ltr'>3⁶⁸⁰t⁵t¹⁵¹=</span> <span class='ocrx_word' id='word_1_508' title='bbox 881 4971 980 5026; x_wconf 54' lang='lat' dir='ltr'>‚pano</span> <span class='ocrx_word' id='word_1_509' title='bbox 997 4951 1074 5012; x_wconf 77' lang='lat'><strong>¹⁵⁸9·</strong></span> <span class='ocrx_word' id='word_1_510' title='bbox 1177 4954 1363 5046; x_wconf 87' lang='lat' dir='ltr'>Quantum</span> <span class='ocrx_word' id='word_1_511' title='bbox 1379 4954 1470 5046; x_wconf 90' lang='lat' dir='ltr'>ipsas</span> <span class='ocrx_word' id='word_1_512' title='bbox 1486 4950 1624 5026; x_wconf 92' lang='lat' dir='ltr'>homini</span> <span class='ocrx_word' id='word_1_513' title='bbox 1642 4981 1785 5028; x_wconf 88' lang='lat' dir='ltr'>cernere</span> <span class='ocrx_word' id='word_1_514' title='bbox 1800 4981 1901 5050; x_wconf 90' lang='lat' dir='ltr'>posse</span> <span class='ocrx_word' id='word_1_515' title='bbox 1920 4959 2036 5030; x_wconf 90' lang='lat' dir='ltr'>datur.</span> 
     </span>
    </p>

    <p class='ocr_par' dir='ltr' id='par_1_4' title="bbox 180 5023 1967 5359">
     <span class='ocr_line' id='line_1_47' title="bbox 180 5023 1884 5161; baseline -0.001 -30"><span class='ocrx_word' id='word_1_516' title='bbox 180 5045 395 5113; x_wconf 63' lang='lat' dir='ltr'>Fffl¹⁰⁰¹⁰fd³⁸‘</span> <span class='ocrx_word' id='word_1_517' title='bbox 415 5041 449 5097; x_wconf 54' lang='grc' dir='ltr'>’ἆ</span> <span class='ocrx_word' id='word_1_518' title='bbox 470 5035 638 5161; x_wconf 59' lang='lat' dir='ltr'>nqqenuffl.</span> <span class='ocrx_word' id='word_1_519' title='bbox 672 5031 805 5087; x_wconf 61' lang='lat' dir='ltr'>Eum</span> <span class='ocrx_word' id='word_1_520' title='bbox 822 5027 888 5082; x_wconf 55' lang='grc' dir='ltr'>Μ’</span> <span class='ocrx_word' id='word_1_521' title='bbox 905 5025 997 5081; x_wconf 77' lang='lat' dir='ltr'>select.</span> <span class='ocrx_word' id='word_1_522' title='bbox 1014 5023 1074 5078; x_wconf 66' lang='lat'>⁰²⁶</span> <span class='ocrx_word' id='word_1_523' title='bbox 1125 5055 1222 5150; x_wconf 85' lang='lat' dir='ltr'>Ergo</span> <span class='ocrx_word' id='word_1_524' title='bbox 1239 5058 1448 5140; x_wconf 84' lang='lat' dir='ltr'>dexteritas,</span> <span class='ocrx_word' id='word_1_525' title='bbox 1484 5069 1518 5128; x_wconf 91' lang='lat' dir='ltr'>et</span> <span class='ocrx_word' id='word_1_526' title='bbox 1533 5059 1628 5130; x_wconf 87' lang='lat' dir='ltr'>docti</span> <span class='ocrx_word' id='word_1_527' title='bbox 1645 5083 1728 5128; x_wconf 88' lang='lat' dir='ltr'>rura</span> <span class='ocrx_word' id='word_1_528' title='bbox 1744 5057 1884 5156; x_wconf 84' lang='lat' dir='ltr'>Myrilli</span> 
     </span>
     <span class='ocr_line' id='line_1_48' title="bbox 183 5111 1967 5268; baseline -0.001 -35"><span class='ocrx_word' id='word_1_529' title='bbox 183 5125 263 5182; x_wconf 74' lang='lat'><strong>‘¹⁸¹⁰&#39;</strong></span> <span class='ocrx_word' id='word_1_530' title='bbox 277 5119 360 5173; x_wconf 79' lang='lat' dir='ltr'>Tem.</span> <span class='ocrx_word' id='word_1_531' title='bbox 375 5113 411 5168; x_wconf 57' lang='grc' dir='ltr'>μ’</span> <span class='ocrx_word' id='word_1_532' title='bbox 428 5111 490 5183; x_wconf 71' lang='lat' dir='ltr'>ps</span> <span class='ocrx_word' id='word_1_533' title='bbox 526 5145 533 5162; x_wconf 59' lang='lat'><strong>⁹</strong></span> <span class='ocrx_word' id='word_1_534' title='bbox 618 5252 626 5268; x_wconf 92' lang='lat'>.</span> <span class='ocrx_word' id='word_1_535' title='bbox 1177 5157 1234 5232; x_wconf 89' lang='lat' dir='ltr'>Ad</span> <span class='ocrx_word' id='word_1_536' title='bbox 1253 5157 1377 5230; x_wconf 90' lang='lat' dir='ltr'>Musas</span> <span class='ocrx_word' id='word_1_537' title='bbox 1390 5159 1502 5230; x_wconf 92' lang='lat' dir='ltr'>lector</span> <span class='ocrx_word' id='word_1_538' title='bbox 1517 5185 1595 5230; x_wconf 90' lang='lat' dir='ltr'>cum</span> <span class='ocrx_word' id='word_1_539' title='bbox 1611 5161 1679 5232; x_wconf 92' lang='lat' dir='ltr'>tibi</span> <span class='ocrx_word' id='word_1_540' title='bbox 1694 5173 1868 5236; x_wconf 75' lang='lat' dir='ltr'>monstret</span> <span class='ocrx_word' id='word_1_541' title='bbox 1884 5164 1967 5235; x_wconf 90' lang='lat' dir='ltr'>iter:</span> 
     </span>
     <span class='ocr_line' id='line_1_49' title="bbox 295 5251 1950 5359; baseline 0.001 -24"><span class='ocrx_word' id='word_1_542' title='bbox 295 5259 356 5340; x_wconf 76' lang='lat' dir='ltr'>Act</span> <span class='ocrx_word' id='word_1_543' title='bbox 376 5255 586 5334; x_wconf 60' lang='lat' dir='ltr'>studiosam</span> <span class='ocrx_word' id='word_1_544' title='bbox 612 5251 862 5322; x_wconf 67' lang='lat' dir='ltr'>iuuentutem.</span> <span class='ocrx_word' id='word_1_545' title='bbox 1125 5262 1204 5336; x_wconf 91' lang='lat' dir='ltr'>Hoc</span> <span class='ocrx_word' id='word_1_546' title='bbox 1219 5265 1307 5334; x_wconf 88' lang='lat' dir='ltr'>duce</span> <span class='ocrx_word' id='word_1_547' title='bbox 1321 5259 1487 5334; x_wconf 86' lang='lat' dir='ltr'>Parnassi</span> <span class='ocrx_word' id='word_1_548' title='bbox 1504 5264 1613 5333; x_wconf 84' lang='lat' dir='ltr'>celsas</span> <span class='ocrx_word' id='word_1_549' title='bbox 1631 5265 1813 5337; x_wconf 89' lang='lat' dir='ltr'>ascendito&#39;</span> <span class='ocrx_word' id='word_1_550' title='bbox 1827 5291 1950 5359; x_wconf 86' lang='lat' dir='ltr'>rupes,</span> 
     </span>
    </p>
   </div>
   <div class='ocr_carea' id='block_1_3' title="bbox 76 5363 1859 5602">
    <p class='ocr_par' dir='ltr' id='par_1_5' title="bbox 76 5363 1859 5602">
     <span class='ocr_line' id='line_1_50' title="bbox 76 5363 1859 5488; baseline -0.033 -1"><span class='ocrx_word' id='word_1_551' title='bbox 76 5413 119 5488; x_wconf 89' lang='lat' dir='ltr'>Si</span> <span class='ocrx_word' id='word_1_552' title='bbox 137 5413 245 5482; x_wconf 88' lang='lat' dir='ltr'>decus</span> <span class='ocrx_word' id='word_1_553' title='bbox 260 5395 441 5473; x_wconf 82' lang='lat' dir='ltr'>Ausoniae</span> <span class='ocrx_word' id='word_1_554' title='bbox 458 5391 602 5478; x_wconf 85' lang='lat' dir='ltr'>linguae</span> <span class='ocrx_word' id='word_1_555' title='bbox 615 5383 769 5454; x_wconf 89' lang='lat' dir='ltr'>retinere</span> <span class='ocrx_word' id='word_1_556' title='bbox 778 5376 933 5450; x_wconf 85' lang='lat' dir='ltr'>studetis</span> <span class='ocrx_word' id='word_1_557' title='bbox 1177 5363 1225 5440; x_wconf 81' lang='lat' dir='ltr'>Et</span> <span class='ocrx_word' id='word_1_558' title='bbox 1240 5381 1299 5438; x_wconf 85' lang='lat' dir='ltr'>tua</span> <span class='ocrx_word' id='word_1_559' title='bbox 1314 5365 1500 5436; x_wconf 87' lang='lat' dir='ltr'>doctrinae</span> <span class='ocrx_word' id='word_1_560' title='bbox 1514 5366 1675 5438; x_wconf 82' lang='lat' dir='ltr'>fontibus</span> <span class='ocrx_word' id='word_1_561' title='bbox 1692 5391 1753 5436; x_wconf 87' lang='lat' dir='ltr'>ora</span> <span class='ocrx_word' id='word_1_562' title='bbox 1772 5370 1859 5460; x_wconf 72' lang='lat' dir='ltr'>riga,</span> 
     </span>
     <span class='ocr_line' id='line_1_51' title="bbox 133 5481 1713 5602; baseline -0.061 -14"><span class='ocrx_word' id='word_1_563' title='bbox 133 5513 171 5588; x_wconf 83' lang='lat' dir='ltr'>si</span> <span class='ocrx_word' id='word_1_564' title='bbox 186 5503 316 5602; x_wconf 89' lang='lat' dir='ltr'>cupitis</span> <span class='ocrx_word' id='word_1_565' title='bbox 331 5511 426 5572; x_wconf 89' lang='lat' dir='ltr'>recte</span> <span class='ocrx_word' id='word_1_566' title='bbox 437 5493 546 5564; x_wconf 88' lang='lat' dir='ltr'>verba</span> <span class='ocrx_word' id='word_1_567' title='bbox 561 5487 672 5563; x_wconf 81' lang='lat' dir='ltr'>latina</span> <span class='ocrx_word' id='word_1_568' title='bbox 684 5481 803 5578; x_wconf 91' lang='lat' dir='ltr'>loqui,</span> <span class='ocrx_word' id='word_1_569' title='bbox 1708 5481 1713 5492; x_wconf 95' lang='lat'>.</span> 
     </span>
    </p>
   </div>
   <div class='ocr_carea' id='block_1_4' title="bbox 74 2297 604 2318">
    <p class='ocr_par' dir='ltr' id='par_1_6' title="bbox 74 2297 604 2318">
     <span class='ocr_line' id='line_1_52' title="bbox 74 2297 604 2318; baseline -0.026 0"><span class='ocrx_word' id='word_1_570' title='bbox 74 2309 122 2318; x_wconf 86' lang='lat'>...</span> <span class='ocrx_word' id='word_1_571' title='bbox 131 2297 604 2318; x_wconf 52' lang='grc' dir='ltr'><em>Μ-..-</em></span> 
     </span>
    </p>
   </div>
   <div class='ocr_carea' id='block_1_5' title="bbox 620 4649 802 4660">
    <p class='ocr_par' dir='ltr' id='par_1_7' title="bbox 620 4649 802 4660">
     <span class='ocr_line' id='line_1_53' title="bbox 620 4649 802 4660; baseline -0.033 0"><span class='ocrx_word' id='word_1_572' title='bbox 620 4653 660 4660; x_wconf 76' lang='lat'>..-</span> <span class='ocrx_word' id='word_1_573' title='bbox 664 4649 802 4659; x_wconf 73' lang='lat' dir='ltr'>-a—....—</span> 
     </span>
    </p>
   </div>
   <div class='ocr_carea' id='block_1_6' title="bbox 0 0 2329 6176">
    <p class='ocr_par' dir='ltr' id='par_1_8' title="bbox 0 0 2329 6176">
     <span class='ocr_line' id='line_1_54' title="bbox 0 0 2329 6176; baseline 0 0"><span class='ocrx_word' id='word_1_574' title='bbox 0 0 2329 6176; x_wconf 95' lang='lat' dir='ltr'> </span> 
     </span>
    </p>
   </div>
  </div>
 </body>
</html>
