4638 6176
102 357 107 368 ·
210 311 286 383 607
512 241 520 258 t
941 301 1267 380 CARMlNUM
1315 303 1424 378 LlB.
1450 303 1530 378 111.

212 479 359 553 Pectora
375 488 583 550 cunctorum
603 475 716 546 dulcis
733 475 923 546 concordia
939 475 1069 567 iungit,
1258 473 1379 548 Ilicet
1395 474 1543 545 consilio
1563 472 1727 544 mirando
1747 473 1889 546 victima
1906 476 2030 555 lactus,
2089 490 2093 498 “

266 580 316 654 Et
330 581 456 652 studio.
467 580 649 648 aedificant
663 571 704 676 *)
722 578 860 648 moenia
876 593 996 648 nostra
1018 579 1106 671 pari.
1312 577 1474 650 lusticiae
1488 577 1596 648 solvit
1611 577 1728 647 debita
1742 569 1999 673 idrpa‘patris.

216 683 414 779 lsaciasque
430 683 545 754 tribus
561 695 703 752 cunctas
719 675 789 752 huc
807 681 858 749 ire
874 703 1014 750 necesse
1032 695 1094 768 est,
1261 679 1424 774 Cumque
1443 703 1549 750 cruor
1566 693 1639 749 toto
1658 693 1818 748 manaret
1834 705 2000 772 corpore:
2027 678 2177 772 supplex

267 787 434 860 Cedenda
454 797 505 853 est
519 783 589 852 alio
605 783 747 853 victima
765 783 866 852 nullo
884 783 974 852 loco.
1313 781 1472 851 Vulnera
1490 807 1555 873 pro
1571 782 1677 852 nobis
1692 782 1843 867 obtulit,
1869 797 1974 875 atque
1992 805 2121 874 preces.

216 890 287 962 Hic
303 913 370 959 vox
385 887 566 958 doctrinae
579 899 764 978 spargatur
778 901 818 958 ut
833 885 936 954 unica
953 909 1077 979 purae,
1262 881 1311 955 Et
1327 884 1395 954 sibi
1413 897 1623 975 perpetuum
1639 884 1802 954 doctrina
1818 885 1953 974 colligit
1970 908 2108 975 agmen,

267 991 385 1082 Quam
403 990 507 1058 nobis
522 989 620 1058 coelo
637 989 783 1058 tradidit
800 988 874 1080 ipse
894 987 1000 1064 Deus.
1316 985 1509 1056 l'ivificans
1521 987 1630 1056 verbo
1649 997 1787 1077 pectora
1807 1000 1926 1056 nostra
1945 1011 2021 1060 sno.

219 1093 335 1188 Ipsius
351 1107 391 1163 ut
405 1092 547 1161 bonitas
562 1089 601 1158 in
615 1103 689 1161 toto
706 1091 820 1160 luceat
835 1092 931 1175 orbe,
1266 1085 1482 1181 Quanquam
1498 1104 1616 1158 autem
1638 1089 1683 1156 ad
1701 1090 1859 1158 dextram
1876 1089 2016 1160 coelesti
2038 1090 2077 1158 in
2093 1093 2176 1160 sede
2198 1116 2248 1182 pa·

270 1197 432 1288 Notaque
446 1195 517 1262 sint
531 1193 627 1282 gnati
644 1217 791 1273 munera
807 1217 934 1281 magna
952 1191 1017 1261 sui.
1321 1235 1323 1244 ι
1783 1189 1895 1261 rentis
1980 1219 1981 1224 ¹

218 1299 390 1374 Restituit
406 1296 510 1366 nobis
525 1296 632 1363 vitam
647 1295 710 1386 qui
726 1295 804 1363 labe
819 1309 965 1378 remota,
1318 1288 1396 1383 lpse
1414 1293 1475 1362 dat
1488 1285 1575 1360 haec
1593 1314 1731 1381 semper
1746 1294 1897 1360 maxima
1917 1295 2011 1362 dona
2029 1291 2113 1383 piis:

274 1399 424 1472 lustilica
443 1397 559 1466 salvos
575 1411 608 1466 et
623 1397 706 1467 facit
721 1420 794 1466 esse
810 1397 889 1466 lide.
1133 1399 1138 1404 ’
1265 1391 1437 1464 Doctores
1453 1409 1570 1463 tamen
1588 1393 1769 1483 adiungit,
1784 1390 1980 1488 'sociosque
1997 1396 2177 1478 laborum,

220 1503 290 1574 llic
307 1503 387 1571 fons
404 1500 586 1570 doctrinae
601 1498 643 1568 sit
663 1499 834 1590 limpidus
852 1498 936 1566 inde
950 1495 1105 1582 fluentis,
1319 1491 1464 1586 Organa
1482 1517 1570 1589 qnos
1586 1495 1682 1562 vocis
1699 1496 1871 1587 praecipit
1883 1521 1955 1566 esse
1971 1520 2067 1567 suae.

272 1604 354 1674 Non
369 1603 448 1672 ficto
468 1601 564 1671 Deus
582 1614 621 1670 ut
637 1602 746 1692 possit
760 1593 819 1695 **)
839 1595 977 1668 honore
993 1599 1074 1668 coli.
1265 1594 1361 1668 Cura
1376 1600 1422 1668 sit
1439 1594 1495 1667 his
1512 1597 1626 1668 fontes
1644 1592 1676 1692 ³)
1699 1599 1880 1668 doctrinae
1897 1623 2000 1670 nosse
2016 1600 2177 1669 salubres
2194 1598 2231 1696 ⁴),

163 1693 167 1700 ⁴
222 1706 413 1778 I'osteritas
429 1705 467 1772 in
484 1727 552 1796 qua
570 1701 719 1772 Davidis
735 1725 841 1792 regna
859 1699 1006 1786 tenebit,
1318 1701 1488 1771 Fundere
1503 1695 1531 1794 ⁵)
1548 1713 1583 1768 et
1599 1699 1636 1767 in
1655 1701 1786 1790 populo
1806 1702 1955 1771 flumina
1968 1696 2002 1798 ⁶)
2018 1727 2105 1792 pura
2130 1701 2206 1776 Dei.

275 1807 344 1878 llic
359 1829 495 1897 semper
511 1807 609 1874 sedes
625 1829 699 1874 non
716 1805 872 1897 peritura
889 1815 1019 1876 manet.
1267 1799 1429 1896 Cumque
1445 1801 1646 1873 Sacerdotis
1662 1797 1796 1871 Christi
1821 1805 2036 1894 coniungere
2060 1805 2163 1888 votis,

222 1909 368 2000 Diligite
385 1903 476 1978 hanc
491 1905 682 2002 Solymen,
708 1921 743 1976 et
762 1921 861 1998 grato
877 1905 1017 1975 reddite
1030 1901 1147 1988 corde,
1316 1901 1493 1974 ¹Assiduos
1508 1903 1677 1992 gemitus,
1705 1928 1786 1972 cura
1811 1895 1872 1992 sit,
1898 1919 2004 2000 atque
2020 1929 2152 1998 preces.

274 2012 403 2084 Debita
421 2005 505 2080 huie
521 2034 644 2080 omnes
660 2000 746 2104 m)
768 2031 935 2090 munera,
962 2019 1061 2092 vota,
1085 2024 1218 2096 preces,
1269 2005 1388 2078 Gnate
1403 2005 1469 2076 Dei
1486 2006 1590 2074 nobis
1605 2005 1692 2074 iram
1709 2005 1846 2097 placato
1865 2009 2031 2098 parentis,

225 2116 298 2207 Qui
313 2117 410 2184 fovet
425 2111 550 2182 officiis
566 2105 659 2180 hanc
675 2111 777 2180 iustis
792 2124 898 2204 atque
912 2123 1042 2194 tuetur,
1136 2163 1138 2168 -
1320 2107 1369 2178 Et
1383 2123 1442 2179 tua
1458 2107 1631 2177 discentes
1648 2109 1810 2197 dogmata
1832 2107 1973 2182 Christe
1991 2125 2095 2202 tegas.

276 2216 440 2306 Protegat
453 2211 550 2283 hunc
565 2236 702 2304 semper
720 2213 861 2284 dextera
878 2235 1006 2302 magna
1021 2207 1100 2281 Dei.
1186 2249 1188 2253 ·
1270 2211 1399 2304 Tuque
1418 2202 1526 2308 λόγος
1540 2211 1664 2279 vivens
1679 2212 1810 2282 nostris
1827 2211 1866 2280 in
1883 2214 2065 2284 mentibus
2082 2213 2189 2298 adsis,

225 2320 284 2393 Sit
298 2319 365 2390 tihi
382 2341 470 2410 pax,
496 2329 532 2386 et
548 2339 629 2384 vera
646 2315 760 2401 salus,
786 2311 963 2398 Ecclesia,
989 2333 1128 2404 semper
1320 2313 1369 2386 Et
1383 2314 1472 2385 flatu
1487 2313 1656 2382 accendas
1672 2327 1812 2404 pectora
1828 2329 1947 2386 nostra
1967 2329 2039 2390 tuo.

277 2421 379 2510 Quae
397 2419 503 2488 discis
521 2417 638 2488 studio
655 2419 816 2508 dogmata
834 2429 953 2486 sancta
968 2416 1039 2508 pio.
1462 2409 1465 2419 ⁴

226 2523 356 2596 Fausta
392 2545 489 2590 meos
523 2533 670 2613 propter
699 2522 844 2606 iratres,
885 2532 1100 2611 propterque
1134 2537 1235 2608 pro==
1277 2555 2247 2572 -—-—--—-—--——--*-0-----2----

202 2681 207 2692 ,
746 2621 913 2716 pinques.

278 2723 377 2822 Opto
393 2725 480 2810 tibi,
506 2737 541 2796 et
556 2721 681 2816 templi
696 2747 741 2793 ne
757 2723 899 2794 labefiat
916 2717 1041 2793 honos.
1272 2722 1457 2852 Q
2099 2735 2242 2799 enlm

2090 2823 2246 2856 w

239 2935 641 2952 ..m-..affl
649 2927 1218 2948 ...ψη-,Μ

234 3065 446 3194 §ogd-{L
465 3113 476 3132 .
851 3122 860 3141 ,
1055 3071 1109 3170 ¹eu.
1126 3065 1222 3130 1552.

1073 3159 1209 3188 Μ
1254 3165 1508 3268 'laeffipe'em
1530 3178 1724 3246 loannis
1749 3171 2015 3266 Friderici,
2040 3177 2250 3250 vacasses.

302 3258 851 3403 actutardatus·
865 3254 1225 3398 attractaret:
1378 3277 1490 3348 a...
1505 3280 1670 3349 aa...
1819 3275 2019 3374 aaa...
2035 3282 2166 3354 aa...

334 3402 539 3546 ggiisstafiiii,
555 3397 686 3591 ξ’)ωὲιῖ
704 3395 1227 3523 ἱεωῗρῗιᾞξίῗἦξὲὶῗζςξξὲξ
1278 3421 1348 3494 llic
1367 3450 1424 3495 me
1442 3427 1507 3496 llos
1524 3425 1639 3495 violae
1653 3427 1775 3496 dextra
1792 3451 1896 3520 qnam
1912 3441 2008 3517 gesto
2027 3430 2167 3516 caduca,

335 3541 462 3616 phitoeat.
475 3557 501 3612 p.
513 3539 552 3594 tt
589 3537 624 3591 vi
645 3537 748 3594 .etiem
763 3535 832 3594 Met.
850 3537 929 3607 epist.
942 3535 968 3588 d.
979 3533 1022 3592 tt.
1035 3535 1114 3594 Febr.
1126 3534 1203 3593 1⁵⁵2.
1297 3537 1300 3542 '
1330 3524 1383 3598 De
1400 3542 1520 3598 nostra
1537 3541 1678 3607 monet,
1705 3542 1739 3599 et
1754 3530 1936 3599 debilitate
1949 3533 2062 3601 docet.

616 3625 624 3636 “
750 3701 759 3718 ‚
1278 3627 1464 3700 Flosculus
1485 3626 1542 3698 bic
1559 3629 1696 3701 redolet
1712 3631 1834 3700 nitidis
1858 3627 2105 3722 pulcherrimis
2120 3631 2233 3716 hortis,
2297 3651 2298 3660 ¹

630 3699 693 3770 De
717 3699 843 3816 Sl⁰l⁰t
1330 3727 1378 3803 Et
1394 3747 1511 3802 tamen
1527 3731 1651 3822 exiguo
1670 3746 1827 3824 tempore
1845 3738 1948 3803 durat
1967 3739 2073 3805 odor:

233 3840 330 3908 Iusta
345 3835 565 3904 sacerdotum
580 3833 742 3922 designat
755 3828 786 3929 ¹)
804 3855 950 3901 munera
969 3828 1097 3916 Siclus,
1280 3833 1340 3905 Sic
1351 3857 1406 3903 res
1423 3830 1594 3904 humanas
1606 3835 1742 3924 fragilis
1757 3835 1899 3906 fortuna
1913 3839 2099 3926 gubernat,

286 3937 398 4010 Cuius
411 3937 451 4004 in
462 3931 611 4010 Ebraeis
628 3935 777 4005 urbibus
795 3957 879 4004 usus
898 3945 983 4034 erat.
1332 3935 1509 4028 'l'empore
1524 3937 1573 4005 sic
1588 3932 1750 4006 homiues
1764 3953 1927 4032 stantque
1943 3944 2143 4036 caduntque
2156 3936 2253 4008 brevi.
2297 3933 2298 3942 ’

236 4039 281 4111 ln
297 4052 367 4134 qu'o
383 4039 571 4106 florescens
586 4036 760 4127 insculpta
780 4050 831 4106 est
847 4035 944 4125 virga
961 4029 1128 4118 daronis,
1285 4037 1347 4108 llle
1362 4063 1425 4130 ego
1441 4039 1502 4132 qui
1518 4041 1697 4130 quondam
1715 4041 1798 4108 felix
1815 4067 1890 4110 mea
1907 4063 2013 4130 regna
2032 4044 2198 4124 tenebam,

233 4155 246 4164 ‘
289 4142 389 4230 Quae
405 4151 544 4220 monet,
570 4152 611 4208 ut
627 4141 775 4208 doceant
791 4139 952 4225 dogmata
969 4159 1057 4228 pura
1072 4135 1150 4207 Dei.
1332 4139 1402 4210 Hic
1419 4143 1479 4210 nbi
1497 4139 1689 4210 Saxonicos
1708 4143 1831 4231 irrigat
1851 4139 1956 4212 Albis
1969 4167 2082 4234 agros.
2297 4127 2298 4142 ἵ

236 4242 340 4316 Parte
355 4243 445 4312 calix
462 4241 531 4310 alia
547 4253 598 4311 est
613 4239 780 4332 impletus
798 4233 902 4309 thure
917 4217 1065 4319 Sabaeo,
1281 4240 1393 4314 Cuius
1409 4256 1484 4312 erat
1501 4255 1615 4312 totum
1631 4243 1857 4313 celeberrima
1876 4247 1966 4314 lama
1984 4269 2049 4338 per
2064 4245 2190 4326 orbem,
2297 4197 2298 4290 l

288 4343 357 4414 Hic
373 4344 499 4414 offerre
515 4365 650 4436 preces,
678 4355 718 4413 ut
734 4366 826 4411 nova
841 4336 966 4426 thura,
993 4341 1103 4410 iubet.
1333 4343 1440 4431 Quod
1456 4367 1612 4434 regerem
1630 4346 1781 4437 populos
1795 4372 1874 4416 cum
1893 4349 2023 4439 pietate
2040 4372 2145 4422 meos.

238 4441 405 4517 Attamen
421 4459 500 4514 ante
516 4443 604 4514 alios
616 4467 774 4514 summus
788 4443 873 4513 facit
886 4443 951 4513 ista
967 4443 1130 4514 sacerdos
1283 4445 1428 4540 Quique
1444 4471 1507 4535 ego
1522 4471 1586 4537 pro
1606 4447 1716 4537 patria
1733 4471 1894 4539 pugnans
1910 4463 1944 4519 et
1959 4453 2122 4540 dogmata
2138 4471 2221 4518 sacra

290 4547 404 4619 Filius
418 4561 559 4616 aeterno
575 4549 618 4616 de
635 4548 793 4636 genitore
806 4558 912 4614 satus.
1045 4549 1048 4556 ’
1335 4547 1557 4631 Defendens,
1583 4549 1717 4619 clarum
1736 4575 1866 4618 nomen
1884 4553 2018 4645 ubique
2036 4553 2111 4621 tuli.

239 4649 319 4742 lpse
336 4651 417 4718 sinu
433 4650 566 4740 profert
586 4649 690 4730 ”Obie
706 4651 843 4718 decrela
869 4646 1036 4737 peremit,
1283 4651 1388 4722 Nunc
1403 4675 1458 4719 me
1474 4651 1652 4741 captivum
1677 4665 1774 4722 tenet
1788 4654 1895 4738 alter,
1923 4667 1957 4723 et
1971 4655 2102 4746 optima
2118 4651 2209 4723 nobis
2297 4703 2298 4710 .

290 4751 443 4824 Restitui
460 4745 495 4848 Ι)
514 4752 619 4820 vitam
638 4775 708 4843 quo
725 4749 810 4819 velit
826 4749 887 4818 ille
905 4749 1025 4822 modo.
1335 4751 1427 4824 Cum
1446 4754 1510 4838 sit,
1534 4777 1608 4822 non
1623 4753 1697 4820 ullo
1713 4777 1815 4824 causa
1830 4768 1970 4841 tuente,
1997 4755 2096 4848 perit.

239 4851 309 4924 Hic
324 4849 500 4923 Aaronaei
517 4865 636 4922 coetus
649 4865 702 4922 est
717 4851 845 4921 florida
863 4851 975 4940 virga,
1284 4853 1411 4946 Erepti
1425 4856 1533 4924 fasces
1549 4868 1582 4924 et
1597 4855 1713 4923 inanis
1727 4856 1838 4944 gloria
1855 4855 1998 4938 Mundi,

291 4951 345 5025 Ae
361 4951 547 5044 Evangelii
562 4955 696 5024 semina
718 4954 833 5046 prima
853 4947 980 5057 ⁴serens.
1337 4955 1409 5028 Sed
1425 4957 1596 5049 placuisse
1612 4957 1676 5024 nni
1691 4960 1850 5049 praefero
1869 4983 1970 5052 posse
1986 4945 2074 5034 Deoi

1343 2941 1424 3013 Apud
1439 2942 1568 3026 vincent.
1588 2961 1614 3016 p.
1627 2943 1678 3000 238
1691 2961 1732 3014 sq·
1751 2971 1786 2987 -
1802 3013 1809 3028 ι
1824 2943 1885 2998 vid.
1897 2961 1968 3066 quae
1983 2943 2093 3016 scripsit
2107 2944 2251 3002 Melandra

1377 3013 1411 3067 sd
1426 3011 1601 3066 Mattheuum
1615 3013 1677 3068 Vol.
1688 3011 1746 3068 vtl.
1767 3023 1843 3085 epist.
1858 3031 1885 3084 p.
1915 3015 1957 3070 te.
2297 3039 2298 3054 ¹

275 5157 306 5220 ¹¹)
324 5153 489 5224 reddimus]
510 5156 589 5212 Vino.
604 5155 687 5210 edidit
700 5159 833 5210 cendum.

276 5243 324 5310 **)
346 5239 427 5298 Vino.
440 5252 545 5303 posset.
1134 5289 1154 5332 ⁹
1322 5235 1351 5306 8)
1362 5237 1473 5308 sontes]
1492 5235 1562 5293 Phil.
1571 5235 1717 5306 summm.

275 5324 340 5395 Μ)
359 5327 439 5382 Vinc.
454 5327 550 5380 debita
563 5333 663 5381 ennete
677 5327 728 5380 illl.
1323 5324 1353 5390 4)
1372 5321 1441 5378 Pbil.
1456 5324 1609 5377 salubrem.

279 5418 306 5480 t)
325 5415 467 5480 deu'gaet]
486 5412 593 5467 Philus.
611 5417 800 5466 demonstrat.
1032 5407 1036 5412 ’
1325 5411 1352 5476 5)
1373 5408 1442 5466 Pbil.
1464 5407 1592 5463 Tradere
1612 5425 1664 5482 pro
1683 5409 1823 5464 Fundere.

276 5500 303 5568 2)
320 5497 392 5553 Phil.
407 5510 434 5554 et
442 5499 553 5571 Scripta
567 5501 702 5553 restituit.
795 5497 796 5505 ’
1325 5494 1352 5566 6)
1365 5492 1507 5565 flumina]
1526 5493 1596 5552 Phil.
1613 5500 1759 5565 dogneato.

1291 5126 1518 5144 -·---·

2284 5390 2289 5403 Ι
2297 5405 2298 5420 l
