4652 6178
803 229 1232 330 Quassrtotttts

344 413 399 488 'l'e
421 363 541 488 eutem
560 406 733 486 adhortor
754 411 798 481 ad
820 406 928 482 huius
941 409 1158 506 quaestionis
1175 433 1235 482 ex·

236 239 314 324 00⁸

244 517 491 612 plicationem,
517 513 678 592 etlilium
697 514 769 586 Dei
783 512 983 586 Dominum
999 527 1161 586 nostrum
1180 511 1235 584 le‘-

244 643 323 694 sum
343 613 525 692 Christum
550 644 614 697 oro
635 630 711 690 toto
727 629 894 709 pectore,
920 629 960 688 ut
980 639 1046 686 nos
1062 629 1175 708 regat,
1201 629 1235 686 et

244 723 361 796 lucem
378 722 535 796 veritatis
550 745 625 792 non
641 719 734 790 sinat
750 719 919 810 extingui.
971 715 1069 790 Dixi.

1000 989 1228 1006 m

253 1184 323 1256 No.
347 1183 412 1262 45.

251 1297 423 1328 Μ
1013 1297 1227 1336 Nm

312 1411 347 1466 la
366 1409 526 1481 Quaestiou.
544 1431 572 1487 p.
587 1414 675 1474 toto.

244 1593 420 1676 Quaestio
445 1613 470 1663 o
494 1593 641 1666 Ponto
668 1557 810 1666 libero
836 1589 938 1692 filio,
969 1592 1233 1668 nondumooto

243 1715 449 1783 canoram,
473 1701 660 1786 recitato,
685 1718 771 1768 essm
786 1699 1234 1769 rennnciorctorDoctor

243 1797 646 1895 ortisMedicoeMop.
661 1803 841 1871 Pontus
860 1801 895 1872 V
897 1799 1093 1892 erlinus,
1110 1803 1235 1874 Solis-

408 1897 629 2000 barpensts,
656 1925 720 1974 on.
736 1901 847 1978 taso.
866 1900 958 1996 dti-
972 1905 1065 1976 Nor.

240 2052 287 2140 N
288 2089 336 2138 on
351 2067 449 2138 decet
464 2090 578 2138 meam
597 2077 765 2150 aetatem,
790 2089 912 2138 causas
927 2063 1034 2137 huius
1052 2066 1160 2136 moris
1176 2065 1234 2135 in-

242 2169 403 2260 quirere,
428 2193 492 2240 cur
513 2167 670 2240 Maiores
686 2171 798 2238 nostri
816 2169 995 2240 voluerint
1011 2169 1163 2255 Pueros,
1195 2169 1234 2237 in

240 2263 309 2340 bos
326 2283 446 2340 coetus
462 2271 749 2342 doctissimorum
765 2272 925 2342 virorum
948 2273 1140 2363 productos
1154 2295 1234 2340 ver·

241 2371 287 2442 ha
303 2372 435 2442 facere:
459 2369 531 2444 Sed
547 2396 698 2468 aequum
716 2387 785 2460 est,
807 2399 864 2446 roe
878 2386 1080 2444 reverenter
1095 2373 1234 2442 obtem-

241 2497 366 2565 perare
381 2474 444 2556 iis,
471 2499 623 2569 quorum
639 2471 852 2550 authoritate
868 2469 938 2546 huc
958 2477 1145 2546 ascendere
1159 2474 1234 2546 ius-

241 2600 301 2648 sus
315 2598 415 2662 sum,
446 2601 535 2672 quos
552 2579 783 2670 magnifacere
797 2603 853 2648 nre
869 2577 985 2648 divini
1001 2577 1159 2650 mandati
1173 2603 1233 2648 co-

240 2679 292 2772 git
314 2677 492 2754 severitas.
552 2677 671 2770 Quare
687 2680 815 2752 omissa
836 2681 990 2770 longiori
1008 2681 1233 2754 excusatione

239 2775 349 2852 huius
370 2781 440 2850 mei
461 2783 564 2868 lacti,
596 2783 750 2876 primum
775 2783 842 2854 tihi
865 2783 1055 2854 clarissime
1078 2779 1233 2854 Domine

239 2879 375 2954 Ductor
385 2875 521 2971 Paule,
544 2899 688 2975 propter
702 2886 910 2968 amicitiam,
936 2909 1027 2980 quae
1042 2909 1120 2956 meo
1135 2883 1233 2954 Patri

239 2998 358 3057 tecum
375 2999 447 3072 est,
470 2989 629 3077 gratulor
645 2987 751 3056 istum
767 2981 958 3074 honorem,
983 3011 1088 3082 quem
1105 3001 1139 3056 et
1156 2988 1231 3078 pie-

239 3100 293 3160 tas
315 3101 349 3158 et
370 3089 523 3160 eruditio
548 3103 610 3160 tua
632 3104 804 3159 meretur:
839 3103 874 3160 et
889 3113 1015 3182 precor
1029 3087 1167 3174 Deum,
1192 3103 1233 3162 ut

240 3201 301 3262 tua
330 3178 447 3262 studia
475 3205 511 3262 et
538 3191 793 3261 meditationes
819 3191 894 3283 ipse
915 3193 1107 3262 clementer
1133 3205 1232 3281 regat

240 3315 282 3362 ac
301 3291 478 3378 fortunat,
504 3307 538 3364 et
561 3293 722 3379 adiuvet,
754 3309 794 3364 ut
810 3295 872 3364 lias
889 3317 1061 3384 organum
1078 3293 1231 3365 salutare

240 3393 424 3488 plurimis,
449 3410 545 3468 tuam
560 3419 663 3487 opem
678 3398 850 3468 medicam
865 3395 1149 3490 implorantibus

338 3511 478 3584 Deinde
491 3537 556 3606 pro
571 3506 771 3586 scholarum
785 3539 883 3584 more
891 3515 1132 3608 quaestionem
1147 3539 1231 3607 pro-

239 3641 356 3711 pono,
389 3629 641 3708 congruentem
664 3642 744 3688 cum
768 3617 1008 3710 disputatione
1032 3631 1092 3688 tna
1111 3620 1231 3710 proxi-

239 3745 314 3808 ma,
340 3719 379 3790 in
403 3743 472 3812 qua
495 3721 625 3790 diceris
644 3745 782 3806 causas,
807 3722 996 3804 utilitates,
1029 3733 1062 3789 et
1078 3721 1230 3812 impedi-

239 3837 359 3898 menta
376 3821 617 3916 respirationis
631 3825 734 3892 docte
749 3823 956 3915 explicasse,
981 3823 1166 3896 vidalicctt

340 3955 401 4029 An
423 3969 516 4030 recte
536 3956 663 4027 dixerit
687 3955 847 4028 Galenus
871 3969 905 4026 et
933 3955 1015 4040 alii,
1039 3955 1173 4026 foetum
1191 3958 1229 4026 in

238 4073 340 4134 utero
360 4075 521 4130 materno
543 4085 617 4130 non
642 4061 832 4152 respirare,
871 4071 1019 4129 attracto
1041 4083 1105 4147 per
1126 4083 1230 4130 nares

239 4177 300 4234 aut
313 4186 354 4233 os
367 4165 467 4243 edre,
492 4164 553 4232 sed
579 4164 768 4254 temperari
783 4163 935 4232 calorem
951 4162 1067 4229 cordis
1082 4159 1145 4230 illo
1161 4185 1230 4252 pu·

238 4266 379 4336 rissimo
399 4264 571 4355 sanguine
592 4277 626 4334 et
646 4264 792 4355 spiritu,
817 4265 878 4360 qui
895 4263 1033 4335 duabus
1051 4263 1168 4348 venis,
1195 4277 1229 4333 et

238 4368 389 4439 totidem
404 4366 541 4438 arteriis
557 4389 598 4434 ex
614 4379 772 4435 materna
786 4367 866 4436 alvo
885 4392 947 4455 per
962 4366 1172 4436 umbilicum
1189 4365 1228 4435 in

237 4493 368 4542 renam
381 4493 501 4544 cavam
512 4482 547 4538 et
559 4481 693 4538 aortam
709 4467 856 4538 infantis
872 4462 1071 4551 invehitur,
1094 4483 1128 4539 et
1142 4469 1228 4539 inde

235 4597 301 4667 per
317 4585 452 4642 meatus
467 4569 657 4664 quosdam,
681 4570 905 4664 peculiariter
919 4571 963 4639 ad
982 4570 1019 4636 id
1036 4571 1164 4655 factos,
1188 4571 1228 4640 in

236 4675 445 4768 pulmonem
459 4671 680 4757 infunditur,
714 4687 819 4767 atque
834 4673 872 4742 in
890 4671 1098 4742 dilatatione
1111 4674 1228 4742 cordis

236 4775 322 4848 inde
343 4771 550 4846 exhauritur
569 4772 608 4844 iu
631 4775 815 4846 sinistrum
837 4772 1073 4846 ventriculum
1099 4775 1228 4860 cordis,

236 4891 342 4972 atque
359 4878 424 4962 ita,
454 4889 495 4946 ut
514 4875 582 4967 ipsi
603 4875 747 4962 dicunt,
774 4891 925 4967 praestat
942 4877 1037 4946 idem
1052 4875 1152 4945 cordi
1170 4877 1228 4946 in-

235 4979 398 5052 santicio
413 4991 533 5059 utero,
558 4980 655 5070 quod
669 4979 799 5050 adultis
816 4993 982 5051 exterma
997 4978 1060 5048 adr
1077 5002 1140 5070 per
1154 4979 1228 5070 spi·

234 5083 410 5155 rationem
428 5093 606 5152 attractus.

337 5215 434 5288 llaec
454 5215 628 5288 sententia
650 5214 876 5287 Medicorum
903 5215 1047 5286 videtur
1069 5239 1227 5306 pugnare

235 5346 316 5396 curn
333 5321 395 5404 iis,
415 5343 504 5411 quac
518 5320 688 5390 (licuntur
701 5321 746 5388 de
761 5317 886 5388 officiis
900 5330 933 5387 et
946 5318 1151 5390 necessitate
1167 5343 1225 5390 re·

996 1189 1027 1257 6.
1041 1187 1123 1252 Nor.
1141 1187 1236 1252 1550.

1283 227 1690 312 AGADEMICAE.
2162 249 2217 330 tot

1284 421 1443 500 tempore
1472 409 1764 504 respirationem,
1796 407 2023 488 certissimam
2048 435 2084 488 rc
2107 419 2226 496 subitan

1283 525 1434 584 mortem
1448 513 1575 584 afferre
1589 513 1816 586 animalibus.

1385 659 1477 733 Cum
1492 663 1602 754 igitur
1617 664 1735 734 infans
1749 663 1789 734 in
1805 677 1906 735 utero
1923 663 2016 734 vivat
2029 676 2060 737 et
2072 685 2228 760 moveatur,

1284 777 1319 835 et
1335 763 1493 835 inclusus
1513 767 1567 836 illi
1584 789 1647 836 ceu
1664 767 1791 852 snrno,
1817 765 2028 837 calidissimo
2048 771 2155 840 matris
2167 786 2229 862 ¹ute-

1283 891 1345 948 ro,
1375 867 1485 956 magis
1507 869 1612 940 etiarn
1635 868 1901 958 refrigeratione
1924 869 2074 958 indigere
2092 873 2230 958 videatur,

1284 993 1390 1063 quam
1413 970 1498 1038 editi
1522 969 1560 1039 in
1585 965 1677 1040 hanc
1701 971 1836 1056 lucem,
1862 971 1925 1041 ubi
1943 970 2231 1046 circumfunduntur

1284 1077 1364 1141 aere
1389 1071 1538 1162 frigido:
1580 1075 1762 1164 quomodo
1792 1074 1868 1142 lieri
1893 1087 2024 1165 potest,
2052 1087 2089 1144 ut
2109 1099 2161 1146 cor
2178 1101 2232 1148 non

1284 1174 1525 1262 stranguletur
1553 1174 1614 1244 illa
1635 1176 1775 1244 assidua
1798 1175 1973 1262 tostione,
2005 1187 2038 1245 et
2058 1175 2232 1250 dissolvatur

1283 1275 1314 1346 si
1329 1275 1465 1346 nullam
1480 1271 1586 1346 babet
1601 1300 1641 1346 ex
1657 1277 1838 1369 pulmonis
1852 1291 1887 1348 et
1903 1273 2055 1348 thoracis
2069 1279 2233 1350 ventilatio·

1283 1402 1329 1448 ne
1351 1379 1675 1469 refrigerationem,
1703 1394 1739 1450 et
1758 1379 1951 1470 loliginum
1974 1403 2015 1450 ex
2030 1379 2159 1452 sinistro
2170 1405 2233 1451 ren-

1283 1481 1412 1553 triculo
1429 1481 1668 1572 egestionem?

1384 1628 1464 1704 Hoc
1493 1645 1585 1702 certe
1610 1631 1786 1726 explicatu
1808 1631 1954 1702 difficile
1979 1643 2047 1714 est,
2077 1631 2170 1702 etiam
2187 1631 2234 1724 ipsi

1284 1731 1442 1820 Galeno,
1466 1735 1528 1827 qni
1543 1735 1609 1805 etsi
1623 1735 1712 1804 salse
1725 1735 1863 1806 deridet
1878 1757 1956 1820 eos,
1981 1733 2043 1829 qui
2057 1728 2140 1804 hauc
2152 1735 2233 1826 ipsios

1283 1836 1492 1908 sententiam
1508 1836 1740 1930 impugnant,
1757 1837 1890 1906 similes
1904 1860 1966 1907 eos
1980 1859 2053 1906 esse
2066 1837 2172 1906 dicens
2182 1835 2235 1906 coi·

1283 1939 1365 2009 dam
1389 1936 1566 2028 Agasoni,
1605 1939 1690 2032 qui,
1723 1963 1802 2010 cum
1829 1939 1938 2009 asinis
1966 1939 2040 2010 suis
2069 1937 2233 2022 numeratis,

1282 2041 1445 2111 sensisset
1465 2065 1578 2110 unum
1601 2063 1750 2112 numero
1775 2041 1915 2126 abesse,
1953 2041 2082 2121 iratus,
2112 2063 2232 2110 aeman

1283 2143 1420 2212 vicinos
1442 2143 1530 2212 furti
1553 2142 1662 2235 cepit,
1697 2144 1830 2215 oblitus
1850 2167 1886 2214 se
1914 2143 1973 2212 illi
1994 2143 2092 2214 esino
2112 2141 2228 2224 insidere,

1283 2269 1393 2338 quern
1409 2244 1577 2314 amissum
1600 2247 1783 2317 credebat:
1818 2244 1958 2316 Tamen
1980 2243 2149 2316 eiusmodi
2161 2264 2226 2311 non-

1283 2359 1371 2417 strat
1392 2359 1545 2430 meatus,
1576 2370 1640 2440 per
1659 2373 1747 2442 quos
1764 2348 1863 2418 illam
1886 2348 2140 2440 mitigationem
2153 2357 2231 2414 amos

1282 2450 1322 2518 iu
1337 2449 1443 2520 corde
1457 2449 1576 2540 perfici
1588 2449 1692 2532 dicit,
1719 2464 1758 2522 ut
1767 2451 1911 2520 difficile
1921 2451 1987 2534 sit,
2010 2447 2159 2544 assequi,
2176 2441 2233 2539 quit

1284 2551 1387 2638 velit,
1412 2567 1448 2622 et
1463 2553 1520 2622 vix
1536 2553 1582 2624 sit
1597 2553 1785 2635 credibile,
1810 2577 1886 2624 rem
1902 2553 1953 2624 ita
1970 2577 2008 2624 se
2023 2547 2157 2624 hahere.

1385 2701 1455 2774 Sed
1479 2697 1564 2774 huic
1578 2706 1771 2776 sententiae
1786 2705 1917 2780 Galeni
1939 2706 2170 2794 suffragantur
2181 2695 2236 2766 dili·

1282 2805 1457 2894 gentiores
1473 2804 1695 2892 Anatomici,
1722 2809 1784 2902 qui
1801 2822 1895 2877 certo
1911 2809 2111 2890 affirmant,
2134 2799 2237 2870 nullum

1283 2907 1527 2998 respirationis
1547 2922 1683 2977 motum
1711 2911 1749 2978 in
1771 2912 1869 2981 foetu
1894 2903 2086 3002 apparere,
2117 2897 2238 2999 quaudiu

1283 3010 1482 3100 panniculis
1498 3009 1571 3080 suis
1587 3011 1745 3082 inclusus
1760 3025 1919 3097 tenetur,
1947 3037 2029 3083 cum
2043 3025 2154 3082 tamen
2167 2999 2240 3096 pelli·

1281 3112 1441 3182 cularum
1464 3126 1561 3181 tanta
1584 3111 1630 3182 sit
1654 3115 1806 3186 tennitas
1828 3130 1862 3186 et
1886 3113 2136 3207 perspicuitas,
2157 3101 2239 3176 utils

1281 3229 1399 3284 motus
1419 3209 1590 3299 thoracis,
1622 3215 1653 3284 si
1678 3217 1759 3310 quis
1781 3231 1886 3304 esset,
1918 3217 2038 3310 latere
2052 3211 2240 3307 aspiciente¹¹

1281 3339 1356 3385 non
1374 3325 1496 3410 queat,

1383 3466 1453 3537 Sed
1478 3467 1542 3536 nbi
1559 3467 1715 3558 primum
1735 3465 1905 3552 lacerata,
1928 3477 1992 3536 aut
2013 3455 2241 3560 quoquomodo

1281 3569 1451 3660 patefacta
1466 3570 1600 3640 luerint
1613 3568 1815 3652 involucra,
1845 3569 1893 3638 ita
1911 3585 1951 3641 ut
1969 3563 2070 3640 hunc
2084 3581 2241 3638 extrenum

1280 3679 1396 3742 adrem
1413 3672 1540 3741 sentiat
1555 3674 1686 3742 foetus:
1713 3687 1799 3742 tuuc
1812 3670 1901 3740 miro
1918 3685 1952 3741 et
1965 3673 2152 3740 manifesto
2166 3683 2244 3735 conr·

1280 3791 1319 3844 tu
1333 3775 1456 3844 dicunt
1472 3775 1643 3845 infantem
1660 3773 1874 3842 contendere
1896 3777 1938 3843 ad
1958 3787 2098 3844 motum
2114 3761 2245 3846 thoracis,

1281 3891 1315 3946 et
1330 3877 1456 3968 cupide
1472 3871 1644 3946 attrahere
1667 3880 1802 3960 adrem,
1828 3887 1999 3969 tanquam
2017 3890 2152 3966 gratum
2168 3863 2247 3939 celri-

1280 3979 1437 4068 geriurn,
1460 3993 1494 4049 et
1510 4003 1588 4048 mox
1608 3977 1738 4046 de'inde
1756 3971 1913 4066 vagitum
1929 3981 2057 4060 edere,
2083 4000 2157 4047 cum
2169 3981 2246 4040 antea

1280 4083 1318 4148 in
1334 4095 1435 4150 utero
1453 4079 1602 4152 iacuerit
1616 4081 1693 4148 sine
1708 4103 1809 4164 voce,
1834 4081 1879 4148 ad
1904 4080 2007 4150 cuius
2028 4075 2247 4149 formationem

1279 4183 1525 4253 adiumentum
1543 4181 1777 4274 spirationis,
1812 4195 1846 4252 et
1872 4183 2093 4274 compressio
2122 4167 2252 4250 thoracis

1279 4285 1487 4378 requiritur.

1378 4435 1469 4508 Cum
1480 4435 1758 4526 igiturdillicilis
1768 4427 1909 4505 sithaec
1918 4435 2100 4528 quaestio,
2124 4427 2248 4518 etdignt

1278 4537 1529 4631 explicatione,
1553 4564 1617 4608 oro
1633 4553 1668 4609 te
1682 4537 1875 4607 clarissime
1889 4533 2055 4607 Domine
2064 4537 2201 4616 Ductor,
2220 4535 2248 4594 ¹1¹

1278 4641 1383 4710 nobis
1403 4642 1602 4712 illustribus
1627 4639 1828 4710 rationibus
1851 4643 2039 4726 ostendas,
2059 4653 2174 4712 utrum
2188 4651 2248 4702 seu·

1277 4745 1387 4814 tentia
1401 4741 1532 4813 Galeni
1548 4767 1630 4814 vera
1649 4743 1714 4827 sit,
1739 4755 1774 4812 et
1789 4743 1969 4836 quomodo
1987 4743 2109 4812 infans
2124 4741 2158 4808 in
2171 4747 2248 4804 utero

1277 4845 1397 4915 vivere
1417 4845 1527 4938 possit
1549 4846 1626 4915 sine
1639 4843 1889 4935 respiratione,
1913 4869 1984 4938 qna
2007 4844 2098 4914 alias
2111 4831 2250 4932 impedita

1277 4947 1403 5039 exiguo
1418 4961 1596 5040 tempore,
1622 4941 1805 5016 hominem
1821 4945 1981 5038 extingui
1997 4969 2139 5018 neeesse
2151 4953 2203 5010 est·

1378 5114 1486 5207 Quod
1502 5117 1532 5187 si
1551 5129 1646 5186 recte
1667 5115 1756 5186 dixit
1771 5112 1951 5195 Galenus,
1979 5111 2080 5186 haud
2098 5111 2197 5184 dubie
2208 5107 2250 5174 in·

1276 5242 1362 5309 gens
1372 5220 1584 5290 miraculum
1596 5231 1668 5305 est,
1693 5217 1757 5287 illa
1770 5218 1920 5289 infantis
1930 5220 1966 5288 in
1987 5232 2094 5289 utero
2109 5215 2192 5296 rita,
2208 5227 2250 5276 rt·

1275 5321 1470 5411 spiratione
1491 5345 1624 5392 carens.
1681 5316 1729 5391 Et
1751 5321 1842 5391 sicut
1857 5336 1929 5392 tota
1953 5317 2157 5390 infantisiu
2172 5325 2250 5382 utero

233 5419 456 5520 spirationis,
485 5420 555 5493 uti.
570 5445 697 5494 omnes
714 5424 892 5507 latentur,
916 5420 1082 5492 omissam
1097 5423 1224 5513 exiguo
1274 5423 1460 5509 formatio,
1483 5421 1654 5512 nutritio,
1672 5436 1708 5495 et
1720 5421 1961 5510 conservatio,
1989 5435 2045 5495 est
2059 5423 2173 5509 imago
2188 5407 2252 5507 pul·
