4674 6162
208 275 258 348 6³

399 261 846 354 nrtsrouanutt,
871 251 1246 338 tumorotttttt
1270 246 1347 330 ΕΤ
1372 246 1777 332 scutrrolttttr
1826 251 1936 336 Lttt.
1960 249 2061 334 xlv·

2195 255 2249 330 64

210 451 285 518 lore
302 445 475 530 abducas,
500 453 673 538 quantum
691 442 839 510 omnino
848 445 971 530 potes:
998 447 1035 505 et
1059 430 1199 522 cogites,
1249 443 1324 501 tnm
1351 426 1494 518 ingenio
1518 453 1559 498 ac
1582 413 1767 520 diligentia
1791 407 1968 523 praestare
1992 452 2156 524 possum,
2181 433 2249 501 da-

209 574 275 620 nec
290 547 411 618 omnia
428 541 595 616 humanis
611 542 770 612 consiliis
785 540 860 630 regi
876 563 995 632 posse,
1020 549 1054 605 et
1069 533 1199 606 volun·
1249 543 1366 634 turam
1389 553 1463 600 esse
1482 535 1653 622 operam,
1686 557 1731 604 ne
1753 547 1788 605 tc
1815 533 2068 605 beneficiorum
2098 547 2246 606 tuorum

212 666 318 724 tatem
336 647 405 720 Dei
420 671 494 716 esse
509 660 549 716 ιιι
562 659 743 738 petamus,
764 657 805 715 ιιι
819 643 916 734 ipsae
928 664 987 732 res
1003 635 1197 708 inextrica-
1249 633 1438 726 poeniteat.
1489 631 1589 704 Vale.

87 801 89 806 -
209 755 301 824 biles
316 775 379 823 sua
396 749 553 819 mirabili
572 745 730 817 bonitate
746 745 916 816 extricare
933 737 1032 814 velit.
1084 737 1198 831 Spero

210 868 304 926 certe
318 877 415 924 nunc
431 851 680 921 exauditurum
695 871 767 918 esse
778 846 929 938 gemitus
945 857 1095 914 nostros.
1119 836 1200 910 Hoc

209 959 320 1050 igitur
339 953 528 1044 cogitabis,
552 952 617 1022 nbi
639 951 734 1020 lilius
748 945 817 1018 Dei
841 948 975 1043 inquit:
1003 941 1116 1017 Nemo
1140 965 1200 1012 ra·

209 1061 284 1154 piet
307 1081 391 1130 oves
410 1079 507 1125 meas
535 1078 578 1124 ex
599 1053 765 1122 manibus
792 1051 890 1127 meis.
949 1047 1053 1119 Hanc
1085 1066 1201 1114 meam

210 1149 602 1242 commemorationem,
631 1154 771 1226 etiamsi
803 1178 879 1229 non
911 1165 963 1223 est
997 1146 1203 1232 necessaria,

210 1279 331 1336 tamen
347 1263 420 1333 scio
436 1259 505 1331 tibi
521 1281 596 1330 non
612 1257 787 1348 ingratam
800 1258 887 1327 fore.
923 1253 996 1334 Nec
1012 1257 1203 1344 argumen-

211 1381 288 1439 tum
303 1363 399 1436 aliud
415 1358 484 1434 boc
505 1376 664 1452 tempore
686 1355 872 1430 habebam.
923 1353 978 1428 Ex
995 1353 1204 1440 Hamburga

213 1467 401 1551 scribitur,
442 1461 590 1537 Gallum
616 1463 753 1532 inferre
785 1448 920 1532 bellum
944 1455 1078 1546 ·Anglis
1107 1467 1204 1525 tanta

214 1573 344 1651 classe,
370 1580 502 1662 quanta
521 1566 559 1636 in
582 1589 622 1636 ea
647 1559 785 1635 Oceani
806 1575 904 1656 parte
921 1581 1105 1654 nunquam
1129 1555 1206 1626 visa

215 1687 278 1749 est.
329 1668 476 1743 Caetera
492 1667 797 1740 desiderabantur.

210 1881 1207 1914 „mmm-...un-

1072 2143 1207 2168 Μ

213 2061 283 2138 No.
300 2055 413 2135 tosa.
431 2081 462 2174 J·

216 2159 420 2192 Μ

636 2254 777 2344 MN.

286 2429 388 2488 Manlii
400 2426 504 2498 lsrrsg.
519 2421 616 2508 pars.
636 2449 672 2504 ‘.''
699 2417 883 2490 Apogrspbon
899 2414 1082 2476 incoant.
1095 2412 1210 2488 ptoob.

321 2528 356 2542 -
390 2497 507 2555 Manlius
526 2502 679 2562 ruscrrpsrtt
699 2489 894 2544 Adolescentia
914 2487 1070 2542 emmaum.
1107 2486 1140 2538 ln
1163 2501 1210 2539 co·

320 2569 399 2694 llll?
418 2565 497 2620 'Alt'o
511 2562 648 2629 cllsrt'pulo
664 2561 780 2614 erst'dnm
790 2557 984 2628 praescn‘pta,
1002 2555 1086 2610 ridel.
1107 2572 1122 2609 a
1141 2553 1211 2608 Phil.

651 2780 784 2862 N.N.

220 2935 342 3039 Saepe
359 2943 500 3017 decrevi
513 2943 559 3012 ad
572 2955 608 3012 te
620 2939 757 3032 aliquid
772 2937 957 3008 literarum
972 2935 1077 3020 dare,
1102 2932 1213 3003 amice

221 3048 448 3127 charissime,
478 3059 514 3116 et
530 3041 562 3136 ¹)
585 3043 764 3135 specimen
794 3040 863 3112 tibi
887 3037 1087 3108 studiorum
1116 3057 1212 3104 meo-

222 3177 303 3224 rum
318 3145 495 3221 exbibere.
546 3139 715 3238 ltaqne²)
730 3145 870 3234 gaudeo
885 3136 975 3210 mibi
999 3162 1096 3208 nunc
1114 3159 1212 3207 com-

223 3252 473 3326 modissimum
508 3261 756 3338 argumentum
791 3245 951 3314 oblatum
988 3264 1073 3312 esse.
1120 3237 1211 3310 Nam

222 3381 303 3428 cnm
327 3350 532 3446 provocaris
555 3345 657 3441 mc³l
681 3349 725 3424 ad
750 3347 978 3416 scribendum
1000 3342 1107 3412 misso
1132 3365 1212 3421 mu-

223 3483 325 3541 nere,
351 3479 426 3524 non
448 3453 563 3525 solum
590 3452 770 3540 ingratus,
795 3449 983 3518 sedetiam
1006 3444 1138 3536 impius
1159 3468 1213 3513 es-

136 3575 141 3584 “
224 3583 316 3638 sem,
350 3558 380 3627 si
405 3557 472 3626 tibi
503 3555 640 3624 nnllam
659 3551 889 3642 gratitudinis
919 3548 1212 3638 significationem

224 3661 379 3730 vicissim
398 3659 632 3727 ostenderem.
685 3651 741 3726 Ad
760 3649 845 3722 baec
863 3663 963 3744 pater
984 3652 1024 3719 in
1042 3647 1211 3741 proximis

224 3764 345 3846 iussit,
371 3773 411 3830 ιιι
433 3759 498 3830 tibi
521 3757 650 3847 gratias
676 3750 872 3850 agerem⁴).
923 3753 1008 3824 Vult
1033 3751 1127 3822 enim
1148 3773 1214 3820 nos

180 3859 184 3866 ¹
224 3889 299 3936 non
324 3864 439 3933 solum
463 3856 652 3952 literasl),
686 3861 744 3928 sed
771 3858 877 3927 etiam
899 3853 1099 3924 communia
1128 3848 1215 3920 baec

225 3967 340 4038 officia
357 3965 545 4053 diligenter
567 3961 693 4034 colere.
745 3957 996 4030 Gratissimum
1020 3956 1129 4046 igitur
1149 3979 1215 4024 no-

225 4071 279 4140 bis
301 4083 403 4140 tuum
428 4065 637 4136 beneficium
660 4077 727 4132 est:
761 4076 795 4132 et
822 4062 904 4155 qnia
928 4060 1032 4129 nobis
1055 4081 1215 4127 necessa-

224 4174 317 4242 rium
343 4183 414 4250 est,
439 4181 474 4238 et
497 4167 579 4259 quia
606 4165 781 4244 declarat,
812 4166 912 4234 tede
937 4161 1064 4233 studiis
1085 4160 1215 4246 nostris

226 4275 358 4342 bonam
376 4295 473 4362 spem
491 4265 636 4342 babere.
689 4264 896 4354 Gaudemns
918 4263 1023 4333 etiam
1042 4277 1103 4334 tua
1125 4263 1216 4333 libe-

227 4375 364 4446 ralitate
386 4385 547 4464 sumptus
571 4361 760 4460 nostros⁶)
786 4367 915 4448 levari,
943 4367 1031 4460 quos
1054 4378 1153 4456 pater
1178 4365 1217 4432 in

230 4477 336 4546 nobis
362 4473 530 4543 docendis
557 4471 627 4542 iam
654 4471 739 4541 facit
765 4495 839 4540 non
875 4463 1080 4562 exiguos⁷).
1139 4463 1216 4557 Ago

228 4581 346 4672 itaque
378 4577 446 4647 tibi
479 4574 628 4664 gratias,
666 4597 707 4644 ac
745 4574 936 4665 polliceor,
984 4593 1059 4656 me,
1103 4592 1218 4664 quan·

228 4745 449 4768 ..fl—⁸...-

165 4841 172 4856 '
261 4837 289 4905 1)
310 4834 380 4890 cot.
394 4832 453 4890 tot.
472 4849 514 4888 nc.

261 4941 294 5008 2)
312 4939 428 5008 ltaque]
446 4933 531 4990 Manl.
549 4931 627 4988 Ideo.

263 5043 295 5112 0)
309 5057 424 5110 pronos.
439 5039 497 5107 ms]
520 5035 591 5094 cod.
603 5035 664 5090 tot.
679 5051 840 5102 provocans
852 5053 912 5090 nos.

263 5146 293 5215 4>
313 5143 453 5202 codrot.
471 5153 630 5208 ageremus.

266 5251 294 5317 5)
312 5245 382 5304 cod.
397 5247 458 5300 tot.
479 5242 549 5296 solis
561 5241 658 5295 lltsrt's.

265 5355 294 5420 6)
312 5351 438 5411 nostros]
454 5345 560 5397 abacta
577 5343 646 5398 Cod.
659 5345 720 5395 tot.

265 5453 294 5520 l)
313 5455 372 5505 lam
386 5475 418 5486 ·-
436 5447 567 5514 exiguos]
587 5444 656 5499 Cod.
669 5445 729 5497 tot.
750 5441 903 5510 sanesocs't
917 5457 1044 5507 magnos.

1265 982 1333 1057 No.
1348 981 1464 1060 ⁷06⁶.

1261 1081 1474 1122 m

2066 1083 2240 1115 Μ

1527 1166 1727 1256 Senatui
1759 1171 1958 1260 cuidam.

1323 1329 1409 1403 Epist.
1431 1327 1543 1414 110111.
1562 1347 1590 1402 p·
1610 1328 1670 1406 tta.
1688 1329 1742 1400 (erl.
1763 1328 1853 1389 Lond.
1873 1329 1920 1389 lib.
1933 1328 1983 1388 111.
2003 1349 2047 1402 ep.
2065 1329 2143 1397 ott·
2167 1331 2249 1403 llpo·

1354 1398 1769 1524 ttfttstnttattt'·
1804 1398 2251 1528 rtttf‘tsttrtr:

1354 1508 1575 1606 mitellarum
1591 1537 1678 1594 ostio.
1746 1507 1754 1523 ι
1830 1487 1874 1538 ⁶¹?
1905 1487 2006 1525 'mm
2045 1489 2077 1526 m
2117 1474 2233 1528 emmo

1258 1689 1482 1768 Gratiarum
1507 1695 1606 1766 actio
1627 1689 1684 1766 ad
1706 1691 1887 1768 Senatum
1911 1691 2090 1794 Reiputt.
2125 1696 2253 1772 cuius-

1444 1792 1534 1868 dam
1560 1793 1794 1870 Scholastico
1817 1799 2061 1900 praescripta.

1258 1933 1372 2020 Nihil
1401 1941 1491 2017 mibi
1519 1947 1676 2019 accidere
1701 1943 1993 2046 honorificentius
2016 1947 2082 2024 bac
2104 1954 2254 2050 quidem

1260 2062 1372 2121 aetate
1388 2051 1525 2141 potuit,
1550 2075 1656 2144 qnam
1672 2063 1713 2122 ιιι
1734 2051 1764 2122 is
1782 2055 1871 2124 ordo
1888 2053 1964 2138 †in
1979 2053 2128 2147 patria'l,
2150 2057 2254 2129 cuins

1261 2151 1434 2248 iudicium
1459 2165 1511 2222 εει
1533 2153 1798 2244 gravissimum,
1832 2181 1889 2226 me
1914 2149 2064 2230 honesto
2090 2158 2252 2230 testimo·

1261 2253 1341 2340 uio,
1366 2253 1406 2322 in
1430 2255 1547 2324 danda
1571 2257 1872 2328 commentatione
1894 2273 2049 2332 ornaret.
2109 2259 2251 2333 Deinde

1262 2380 1343 2428 cum
1362 2355 1497 2426 aditum
1515 2349 1605 2426 mibi
1621 2359 1666 2427 ad
1682 2349 1858 2457 Philippi
1874 2360 2149 2433 familiaritatem
2170 2365 2257 2436 lite-

1262 2483 1321 2529 rae
1344 2471 1480 2529 vestrae
1502 2459 1746 2550 patefecerint,
1781 2485 1883 2554 spero
1903 2457 1972 2534 hoc
2000 2464 2157 2537 officinm
2187 2491 2256 2537 ve-

1262 2565 1375 2632 strum
1401 2561 1528 2630 studiis
1560 2561 1650 2633 meis
1676 2562 1872 2656 plurimum
1905 2567 2132 2659 profuturum
2167 2593 2258 2640 esse.

1261 2661 1422 2736 Reddidi
1445 2663 1541 2732 enim
1564 2657 1761 2756 Epistulam
1784 2681 1937 2738 vestram
1959 2653 2158 2768 Philippo,
2188 2673 2257 2766 qui

1263 2762 1354 2836 mibi
1370 2789 1445 2836 non
1461 2766 1575 2836 solum
1592 2766 1707 2837 officia
1724 2791 1787 2838 sna
1802 2768 1999 2841 liberaliter
2018 2773 2163 2858 detulit,
2189 2777 2258 2845 sed

1262 2869 1369 2938 etiam
1384 2879 1560 2970 vestrum,
1585 2869 1624 2937 in
1649 2869 1816 2940 iuvandis
1839 2871 1996 2960 civibus,
2021 2868 2057 2948 et
2081 2877 2259 2947 ornandis

1262 2969 1461 3062 disciplinis
1478 2971 1635 3041 studium
1653 2973 1757 3042 valde
1773 2974 1999 3066 praedicavit.

1365 3069 1489 3167 Itaque
1508 3097 1589 3143 cnm
1605 3067 1695 3144 mibi
1711 3069 1805 3145 nibil
1819 3077 2013 3168 optabilius
2034 3077 2259 3150 benevolen-

1262 3175 1462 3256 tiavestra
1494 3173 1621 3262 fuerit,
1654 3189 1688 3248 et
1720 3179 1981 3250 commendatio
2012 3192 2128 3251 vestra
2161 3177 2259 3252 mibi

1262 3277 1458 3374 plurimum
1480 3277 1671 3369 profuerit,
1702 3279 1849 3370 gratiam
1877 3282 1979 3352 vobis
2002 3275 2117 3353 babeo
2140 3285 2262 3353 maxi-

1263 3403 1378 3464 mam,
1404 3391 1438 3449 et
1453 3380 1553 3448 omni
1569 3381 1798 3451 contentione
1816 3382 1952 3474 ingenii
1968 3384 2108 3471 enitar,¹
2120 3399 2159 3456 ιιι
2174 3409 2261 3455 mo-

1263 3505 1339 3568 res,
1363 3481 1601 3564 volontatem,
1628 3495 1663 3552 ct
1678 3484 1791 3554 studia
1816 3509 1894 3554 mea
1919 3486 2094 3580 probetis,
2119 3511 2262 3584 egoque

1264 3585 1309 3654 ad
1345 3596 1503 3653 vestrum
1545 3583 1720 3653 iudicium
1754 3585 1961 3658 universum
1995 3587 2103 3659 vitam
2138 3613 2261 3690 meam

1264 3709 1487 3777 componam.
1546 3679 1721 3756 Existimo
1757 3687 1853 3758 enim
1894 3713 2067 3761 summam
2110 3691 2261 3764 landem

1264 3811 1337 3857 esse
1352 3787 1440 3858 boui
1457 3786 1562 3872 civis,
1587 3789 1723 3880 placere
1741 3791 1961 3882 amplissimo
1973 3793 2106 3863 ‘ordini
2130 3787 2173 3864 in'
2192 3819 2261 3886 pa-

1265 3890 1343 3962 tria.
1402 3887 1615 3960 Praesertim
1639 3905 1757 3962 autem
1781 3917 1862 3962 cum
1889 3896 2058 3988 peculiari
2080 3897 2261 3969 beneficio

1265 4017 1284 4062 a
1309 3991 1411 4062 vobis
1434 3991 1591 4062 adfectus
1614 3991 1703 4079 sim,
1730 3993 1864 4064 maiore
1890 4019 1972 4068 rura
2000 4009 2176 4092 praestare
2192 4003 2262 4070 de-

1263 4095 1352 4180 beo,
1377 4119 1483 4188 quam
1501 4095 1627 4164 caeteri
1642 4119 1688 4164 ne
1705 4096 1744 4164 in
1760 4121 1816 4166 me
1831 4099 2009 4187 gratitudo
2024 4101 2263 4174 desideretur.

1265 4195 1427 4291 Cumque
1452 4197 1567 4268 studia
1587 4211 1709 4269 nostra
1733 4200 1778 4268 ad
1806 4224 2029 4293 communem
2061 4204 2261 4276 utilitatem

1266 4301 1419 4370 deb'eant
1442 4299 1584 4384 referri,
1615 4301 1788 4392 polliceor
1821 4326 1877 4371 rue
1912 4305 2078 4376 daturum
2109 4329 2261 4398 operam

1266 4403 1434 4472 omnibns
1451 4401 1606 4488 viribus,
1632 4417 1673 4473 ut
1690 4426 1731 4472 ex
1746 4403 1832 4472 meis
1856 4406 1983 4476 studiis
2004 4407 2091 4478 olim
2106 4399 2261 4504 'aliquid

1266 4505 1430 4576 utilitatis
1447 4504 1491 4573 ad
1506 4501 1698 4596 Rempubl.
1714 4506 1906 4598 perveniat.
2011 4541 2023 4550 ··
2101 4549 2107 4558 ·

1369 4604 1473 4675 Nunc
1491 4630 1574 4675 vero
1589 4605 1679 4676 illud
1696 4629 1758 4674 vos
1771 4611 1923 4678 orandos
1940 4634 2013 4680 esse
2034 4611 2138 4698 duxi,
2164 4639 2264 4708 quo-

1268 4705 1365 4782 niam
1387 4707 1483 4776 scitis
1507 4704 1598 4776 milri
1622 4707 1875 4799 patrimonium
1898 4728 2068 4804 pertenue
2092 4693 2184 4800 esse,
2217 4733 2263 4788 ut

1267 4813 1382 4904 siqua
1406 4809 1473 4879 erit
1494 4811 1630 4880 occasio
1653 4835 1710 4879 me
1734 4811 1900 4898 iuvandi,
1925 4816 2118 4910 aliquando
2145 4819 2264 4888 ratio-

1268 4937 1351 4982 nem
1373 4935 1470 4982 meae
1492 4911 1635 5004 inopiae
1655 4907 1825 4982 habeatis.
1877 4911 1939 4986 llst
1962 4919 2056 4986 enim
2080 4915 2265 4992 honestis-

1269 5015 1399 5083 simum
1415 5013 1534 5096 vobis,
1556 5013 1646 5104 tueri
1662 5027 1696 5082 et
1710 5015 1831 5084 iuvare
1849 5017 1986 5100 literas,
2009 5045 2158 5114 quarum
2176 5025 2265 5114 qui-

1269 5119 1352 5187 dem
1374 5115 1615 5184 defensionem
1638 5113 1736 5187 Deus
1763 5118 1869 5210 etiam
1893 5125 2041 5191 summis
2070 5125 2266 5196 ordinibus

1272 5217 1543 5288 commendavit.
1597 5214 1717 5306 Quare
1738 5231 1780 5289 ut
1802 5215 1892 5289 mihi
1916 5226 2067 5316 quadam
2091 5245 2171 5295 cum
2196 5251 2267 5319 spe

1272 5321 1311 5389 in
1327 5319 1460 5412 optima
1485 5319 1602 5388 studia
1621 5320 1778 5410 ingresso
1795 5346 1868 5390 non
1886 5325 1976 5397 desit
1993 5339 2105 5396 vestra
2128 5327 2267 5398 libera-

1275 5423 1375 5508 litas,
1402 5445 1465 5492 vos
1483 5424 1587 5491 etiam
1603 5437 1707 5515 atque
1724 5419 1830 5493 ctia'm
1846 5451 1921 5502 oro.
1963 5425 2148 5499 Perficiam
2163 5432 2267 5510 enim
