4666 6170
248 281 325 356 aar
443 271 448 280 ·
613 265 1584 354 scnrrrasnvrrauuromruu
1614 271 1917 358 mantuan
2070 245 2092 358 J
2196 289 2259 368 m

250 453 394 550 publice
411 465 446 526 et
462 451 650 546 privatim,
669 451 767 547 quod
783 473 929 544 precum
944 448 1105 522 studium
1119 447 1161 519 in
1173 441 1243 518 bo·
1295 439 1393 516 hune
1414 443 1569 518 eundem
1590 447 1655 542 qui
1675 449 1826 524 maritus
1847 449 2098 542 illiusfuerat,
2127 470 2160 532 et
2180 459 2259 534 forte

249 557 410 628 minibus
425 555 558 630 nostris
571 553 778 646 augescebat
794 547 863 624 hoc
877 566 1055 646 ternpore,
1077 575 1150 646 quo
1166 573 1242 622 non
1294 559 1373 618 tum
1387 570 1552 638 praesens
1566 553 1707 634 aderat,
1739 549 1897 628 adhunc
1914 557 2024 647 igitur
2035 571 2109 630 tum
2121 559 2195 648 ille,
2217 565 2260 636 sic

251 660 406 755 amplius
420 661 460 730 in
473 657 658 750 publicum
675 656 820 749 prodire
836 652 880 728 D.
895 651 1086 749 Philippus
1099 652 1244 746 conspi-
1295 673 1370 720 non
1390 651 1606 746 loquebatur
1623 677 1716 726 uxor
1739 669 1801 729 tua
1826 657 2002 747 moriens,
2031 675 2065 734 et
2086 662 2187 734 simul
2206 690 2260 736 vo-

250 763 428 852 ciebatur,
453 774 488 834 et
501 761 695 832 lectionum
710 782 835 852 operas
848 759 1114 832 intermittebat.
1162 753 1244 828 Hoc
1295 776 1371 822 cem
1405 754 1506 826 illam
1538 750 1648 830 huius
1679 763 1990 836 commemorabat.
2046 759 2161 839 Etiam
2188 767 2261 838 alias

252 866 347 936 enim
370 890 451 938 cum
478 862 649 960 nonnisi
674 875 830 936 extrema
850 863 1056 934 necessitate
1080 871 1241 932 eoactum
1295 879 1398 948 saepe
1412 858 1608 930 testabatur
1626 884 1663 932 se
1687 875 1871 934 matronae
1894 865 1992 936 illius
2011 867 2207 941 memoriam
2228 871 2261 940 in

251 971 367 1040 facere
387 991 469 1040 eum
491 967 640 1047 scirent,
679 978 714 1036 et
733 965 807 1035 illis
828 965 935 1036 etiam
957 964 1084 1036 diebus
1107 961 1242 1055 experti
1295 971 1369 1030 tota
1386 959 1460 1032 vita
1477 984 1554 1032 non
1568 987 1671 1056 posse
1682 967 1880 1056 deponere,
1913 965 2066 1060 Propter
2085 969 2187 1040 talem
2205 971 2262 1063 igi-

251 1085 385 1156 essent,
410 1093 452 1141 ex
475 1093 517 1140 eo
533 1071 578 1142 de
593 1067 752 1161 periculo
769 1068 1040 1154 aestimabatur,
1065 1080 1170 1160 atque
1192 1066 1242 1138 ita
1294 1075 1355 1134 tur
1372 1062 1597 1136 affectionem
1626 1089 1707 1158 erga
1737 1064 1831 1139 banc
1850 1093 1950 1140 suam
1973 1071 2051 1142 lieri
2073 1072 2201 1165 potuit,
2229 1089 2261 1147 ut
2306 1119 2307 1128 κ

251 1173 418 1268 precibus
439 1173 551 1262 magis
575 1171 839 1242 intendebatur.
900 1167 1008 1259 Quod
1031 1169 1141 1258 igitur
1161 1165 1241 1240 loa·
1295 1187 1359 1256 per
1375 1166 1530 1260 quietem
1548 1169 1653 1240 etiam
1669 1173 1841 1242 memoria
1863 1173 2008 1246 illiusei
2024 1176 2263 1264 obversaretur,

253 1271 393 1348 chimus
418 1299 458 1346 ea
483 1276 541 1346 die
559 1298 580 1344 a
604 1269 775 1368 Philippo
792 1272 972 1346 discedere
995 1271 1180 1362 cogitaret,
1207 1284 1243 1344 et
1295 1261 1364 1338 boc
1379 1270 1590 1360 praesertim
1612 1285 1772 1365 tempore
1792 1299 1864 1368 quo
1887 1278 1932 1348 de
1951 1267 2067 1350 morte
2088 1277 2262 1368 plurimum

253 1393 418 1470 aegrotus
435 1392 556 1450 noster
565 1376 729 1469 pridiana
747 1377 805 1448 die
817 1389 964 1468 propter
979 1375 1142 1448 febrilem
1160 1397 1242 1466 par·
1295 1370 1489 1460 cogitabat,
1529 1374 1632 1444 cuius
1662 1376 1840 1448 foeminae
1870 1393 1905 1450 et
1934 1369 2163 1474 sequentibus
2185 1381 2263 1454 vitae

252 1505 443 1578 oxysmum
477 1505 566 1572 pene
598 1474 694 1549 nihil
726 1479 800 1550 eibi
823 1491 885 1550 aut
918 1492 1025 1570 potus
1055 1477 1242 1567 assumsis-
1295 1473 1422 1544 diebus
1438 1474 1629 1570 aliquoties
1645 1479 1865 1550 mentionem
1882 1481 2054 1568 faciebat,
2078 1483 2265 1554 etfuitnon

253 1599 324 1670 set,
356 1585 594 1678 apparabatur
620 1582 655 1652 ei
683 1581 822 1675 aliquid
851 1579 1020 1650 ientaculi
1041 1581 1141 1660 loco,
1169 1605 1241 1674 quo
1295 1597 1403 1666 parva
1419 1576 1534 1649 exitus
1554 1580 1742 1675 utriusque
1766 1582 1978 1656 similitudo.
2030 1583 2155 1658 Postea
2177 1597 2210 1658 et
2231 1587 2266 1656 de

251 1683 456 1760 loacbimus
473 1688 707 1767 discessurus,
731 1697 773 1756 ut
793 1697 869 1755 tum
885 1683 1135 1768 constituerat,
1160 1706 1241 1753 cnm
1294 1679 1451 1750 carmine
1465 1682 1659 1768 referebat,
1680 1685 1778 1778 quod
1793 1685 1897 1760 tertia
1910 1701 2016 1760 nocte
2030 1701 2112 1760 ante
2127 1687 2266 1760 aceinere

252 1792 331 1884 ipso
354 1804 532 1870 uteretur,
568 1812 639 1882 quo
664 1811 745 1858 cum
767 1786 932 1880 pluribus
954 1787 1075 1858 cibum
1099 1785 1242 1878 capiens
1294 1779 1364 1851 sibi
1385 1781 1424 1850 in
1446 1784 1581 1854 somnis
1597 1785 1695 1856 visus
1717 1789 1849 1859 fuerat:
1900 1788 2090 1862 Desiderio
2107 1791 2267 1862 desidera-

252 1893 398 1966 suavius
415 1906 450 1964 et
465 1892 764 1984 plusassumeret.
816 1883 867 1960 At
881 1888 973 1960 illud
995 1888 1105 1979 igitur
1127 1889 1242 1959 ienta-
1294 1883 1332 1951 vi
1347 1896 1412 1958 etc.
1464 1883 1508 1956 ln
1526 1885 1591 1958 illo
1605 1887 1714 1980 igitur
1728 1889 1909 1964 ientaculo
1924 1917 2007 1965 curn
2022 1895 2067 1964 de
2087 1893 2217 1966 fusculo
2239 1905 2267 1962 et

251 1997 375 2068 culum
405 2007 595 2089 antequam
628 2015 671 2064 ex
704 2015 847 2066 musaeo
881 1993 1129 2073 descenderet,
1159 2015 1242 2062 cum
1293 1984 1375 2056 aliis
1388 1986 1491 2058 valde
1507 2013 1635 2080 parum
1650 1993 1870 2066 assumsisset
1886 1994 1987 2092 (nam
2012 1995 2086 2068 cibi
2098 1997 2202 2067 ferme
2221 1993 2267 2064 ni·

250 2100 344 2170 forte
361 2097 573 2170 assedissent
587 2095 715 2180 ambo,
740 2091 966 2166 Camerarius
982 2109 1016 2166 et
1025 2089 1240 2164 Melantbon
1293 2081 1349 2158 hil
1368 2092 1569 2164 assumebat
1590 2093 1664 2164 illis
1682 2095 1852 2169 omnibus
1875 2098 1993 2168 morbi
2011 2099 2159 2184 diebus,
2180 2109 2212 2169 et
2232 2099 2267 2168 de

252 2225 359 2294 supra
384 2223 587 2298 scamnum,
618 2221 690 2290 quo
720 2196 921 2292 plerunque
950 2197 1089 2268 solebat
1117 2197 1161 2266 ad
1188 2195 1242 2268 ia·
1293 2203 1382 2281 potu
1402 2191 1548 2284 quidem
1574 2195 1774 2294 modicum)
1796 2211 1873 2269 tum
1893 2197 2268 2291 igitur'subitodebili-

251 2327 380 2385 uuam,
396 2301 545 2396 reliquis
561 2298 624 2396 qui
639 2299 747 2370 officii
764 2323 866 2370 causa
881 2321 1020 2390 semper
1034 2301 1067 2370 ei
1082 2300 1242 2380 aderant,
1293 2306 1348 2363 iss
1371 2317 1453 2364 eum
1477 2307 1576 2368 tanta
1595 2302 1806 2391 occupabat,
1839 2317 1880 2374 ut
1906 2303 1945 2372 in
1971 2326 2160 2376 musaeum
2183 2325 2269 2374 suum

252 2408 373 2500 plures
388 2429 497 2499 quam
512 2425 603 2496 opus
617 2415 692 2474 erat
709 2415 746 2474 et
759 2402 987 2472 commodum
1009 2401 1242 2474 circumstan-
1294 2395 1412 2466 redire
1428 2397 1555 2484 vellet,
1581 2414 1615 2472 et
1633 2402 1684 2471 ibi
1699 2403 1739 2472 in
1757 2404 1887 2476 lectulo
1904 2427 1941 2475 se
1956 2407 2002 2476 ad
2018 2406 2172 2500 quietem
2187 2429 2267 2478 com-

252 2511 370 2590 tibus,
388 2521 424 2578 et
438 2509 545 2578 verba
559 2506 685 2576 fierent
701 2505 745 2576 de
760 2503 964 2576 valetudine
980 2517 1014 2576 et
1028 2504 1100 2574 vita
1118 2503 1242 2596 ipsius,
1294 2513 1459 2591 poneret,
1484 2524 1651 2574 somnum
1670 2521 1876 2598 expectans,
1895 2531 1967 2602 quo
1984 2509 2063 2580 illis
2079 2509 2201 2580 diebus
2211 2507 2270 2576 ler-

251 2628 330 2684 tum
355 2611 465 2701 igitur
487 2606 532 2680 D.
555 2603 746 2700 Philippus
765 2619 936 2702 tanquam
959 2607 1124 2678 ultimam
1146 2607 1241 2678 salu·
1293 2625 1350 2672 me
1373 2602 1449 2674 solo
1476 2604 1638 2678 alebatur
1660 2623 1696 2683 et
1725 2611 1960 2686 recreabatur.
2022 2609 2123 2684 Haec
2152 2633 2203 2682 res
2230 2609 2270 2678 ita

187 2751 193 2758 ·
252 2729 325 2786 tem
354 2707 537 2786 loachimo
566 2710 744 2782 dicturus:
782 2708 841 2782 Mi
871 2707 1024 2782 Domine
1052 2705 1242 2796 lonchime,
1294 2698 1517 2776 loaehimum
1549 2713 1815 2798 commovebat,
1848 2726 1890 2784 ut
1923 2715 2121 2786 eonsilium
2147 2716 2190 2784 de
2211 2711 2272 2782 dis-

253 2817 412 2898 dicebat,
444 2838 567 2888 sumus
588 2814 659 2886 iam
681 2812 787 2884 amici
810 2813 858 2886 ab
874 2813 979 2882 annis
994 2813 1242 2907 quadraginta,
1293 2817 1393 2890 cess'u
1419 2809 1630 2900 deponeret,
1655 2827 1691 2886 et
1714 2827 1852 2888 mutata
1876 2817 2146 2890 sententia'illo
2168 2817 2271 2890 diest

254 2934 289 2992 et
310 2943 396 2990 vera
415 2919 504 3004 fuit,
532 2931 638 3012 atque
660 2928 783 2988 mutua
807 2914 902 2986 inter
922 2939 988 2986 nos
1009 2909 1176 3002 dilectio,
1199 2939 1241 2986 er
1292 2903 1380 2980 hinc
1401 2933 1582 3006 nusquam
1615 2932 1865 2996 commoveret.
1925 2919 2000 2994 Sed
2025 2920 2214 3016 ‚quiescens
2242 2917 2273 2985 in

245 3046 324 3118 ¹qua
353 3035 480 3092 neuter
504 3020 575 3094 sibi
602 3019 793 3115 quicquam
813 3017 1006 3112 quaesivit,
1037 3017 1240 3112 fuimusque
1292 3011 1424 3084 lectulo
1449 3011 1632 3088 Dominus
1654 3014 1863 3118 Philippus,
1897 3035 1939 3094 ut
1969 3023 2152 3110 diximus,
2182 3019 2273 3116 paulo

253 3127 326 3197 duo
351 3123 498 3219 quidam
513 3121 772 3213 ludimagistri,
803 3121 892 3192 boni
910 3113 1148 3218 παραστάται
1175 3143 1239 3192 suo
1293 3127 1373 3206 post
1386 3116 1649 3192 obdormiscere
1664 3122 1780 3214 coepit
1794 3126 2046 3199 etdormiebat
2061 3127 2126 3197 ille
2142 3141 2213 3198 tum
2226 3145 2272 3194 so·

252 3227 405 3325 quisque
426 3227 525 3314 loco,
557 3241 592 3300 et
621 3223 761 3296 confido
788 3223 929 3296 labores
954 3237 1095 3296 nostros
1118 3224 1241 3296 multis
1293 3242 1437 3300 mnum,
1460 3233 1501 3291 ut
1516 3221 1590 3315 ipse
1607 3236 1728 3316 postea
1751 3229 1920 3301 narrabat
1936 3251 2108 3316 suavem,
2134 3230 2195 3302 sed
2214 3225 2274 3319 pri·

251 3329 446 3426 profuisse,
477 3331 575 3425 quod
599 3327 627 3398 si
647 3325 745 3399 Deus
767 3327 815 3398 ita
833 3327 1006 3412 voluerit,
1031 3341 1073 3400 ut
1097 3327 1241 3412 moriar,
1293 3345 1393 3392 mum
1414 3323 1564 3414 supinus
1586 3339 1621 3398 et
1641 3327 1821 3420 palpebris
1841 3333 1934 3404 male
1958 3331 2237 3416 conniventibus
2247 3340 2275 3396 et

251 3433 445 3508 amicitiam
470 3445 629 3506 nostram
651 3431 692 3500 in
712 3431 774 3501 illa
796 3430 908 3502 altera
928 3429 1000 3502 vita
1022 3430 1241 3502 sanctissime
1292 3423 1403 3494 ferme
1428 3425 1666 3519 semiapertis,
1698 3446 1845 3526 eratque
1865 3435 2017 3508 omnino
2047 3437 2183 3528 species
2204 3433 2276 3506 dor·

251 3539 441 3612 calamum
473 3534 599 3608 Postea
617 3535 663 3604 ad
684 3533 902 3606 ientaculum
920 3533 1028 3604 simul
1049 3535 1240 3604 descende-
1293 3525 1457 3612 mientis,
1482 3530 1549 3600 sub
1565 3529 1667 3602 initia
1684 3535 1802 3606 somni
1818 3537 1916 3608 illius
1932 3537 2140 3612 tristissima
2160 3551 2198 3610 ut
2212 3535 2276 3627 pls·

191 3724 195 3733 ,
251 3656 356 3723 runt,
382 3663 537 3734 cumque
552 3636 773 3710 accubuisset
786 3632 982 3707 Camerarii
997 3659 1146 3726 genero,
1177 3635 1240 3730 qui
1294 3630 1415 3724 risque
1447 3629 1511 3702 illa
1545 3633 1720 3730 lacrymas
1753 3641 1986 3732 exprimeret,
2030 3666 2051 3713 a
2087 3636 2277 3714 domesticis

252 3745 437 3836 coniugem
459 3741 625 3812 amiserat
634 3733 703 3837 ¹⁸),
731 3752 767 3812 et
786 3750 863 3810 tum
886 3763 997 3832 prope
1015 3762 1096 3809 eum
1115 3761 1240 3810 conse-
1292 3746 1411 3803 autem
1434 3746 1603 3830 tanquam
1624 3753 1788 3812 mortuus
1812 3757 1889 3815 tum
1904 3745 2186 3836 deplorabatur,
2210 3761 2278 3812 eum

251 3849 369 3932 derat,
394 3839 480 3917 huic
502 3843 613 3936 igitur
636 3843 794 3924 dicebat,
825 3836 892 3914 bac
914 3855 1019 3913 nocte
1043 3837 1156 3913 habui
1180 3863 1240 3911 so·
1293 3833 1538 3907 solicitudines
1565 3839 1711 3933 quidem
1735 3859 1967 3934 augerentur,
1993 3847 2204 3935 universis,
2226 3839 2279 3914 sed

250 3948 390 4018 mnium
414 3947 460 4019 de
487 3971 597 4018 uxore
619 3958 680 4016 tua
703 3969 811 4039 quam
834 3939 925 4014 mibi
948 3944 1070 4015 videre
1091 3943 1241 4016 videbar
1292 3938 1400 4032 paulo
1414 3953 1494 4030 post
1508 3941 1547 4010 in
1562 3941 1655 4014 latus
1669 3967 1706 4014 se
1721 3960 1930 4020 convertens
1944 3948 2024 4021 sine
2041 3949 2120 4022 ulla
2136 3947 2280 4022 tristiore

249 4050 483 4136 morientem,
510 4043 596 4122 haec
612 4061 775 4120 matrona
790 4070 886 4118 anno
903 4059 938 4119 et
953 4060 1085 4139 septem
1107 4047 1241 4118 mensi·
1293 4041 1408 4134 specie
1432 4043 1650 4126 dormiebat,
1684 4049 1790 4120 etita
1815 4063 1857 4123 ut
1889 4050 2138 4126 animadverti
2167 4061 2281 4145 posset,

250 4154 319 4224 bus
340 4167 443 4226 antea
463 4149 683 4224 sanctissime
705 4162 845 4222 mortua
860 4151 994 4236 fuerat,
1020 4173 1126 4244 quam
1142 4151 1239 4244 quod
1293 4168 1374 4215 eum
1393 4146 1549 4217 suaviter
1568 4148 1738 4222 dormire.
1791 4150 1929 4226 lnterea
1953 4151 2166 4228 loachimus
2188 4151 2282 4229 etiam

251 4270 343 4328 esset
364 4267 547 4348 praestans
570 4255 719 4348 pietate,
742 4266 778 4325 et
799 4252 900 4323 omni
922 4252 1028 4324 laude
1049 4253 1241 4324 matronali
1292 4247 1338 4320 ad
1361 4246 1516 4342 quietem
1539 4252 1720 4339 secedere,
1745 4278 1850 4348 quem
1874 4255 2026 4330 minime
2044 4259 2143 4328 bene
2166 4255 2282 4328 affecto

249 4359 428 4442 foemina,
451 4358 555 4430 valde
569 4352 759 4449 Philippus
773 4355 961 4440 dilexerat,
987 4369 1022 4427 et
1039 4369 1154 4426 morte
1167 4350 1240 4436 hu-
1292 4373 1442 4442 corpore
1455 4363 1492 4422 et
1507 4351 1628 4424 animo
1643 4377 1718 4426 esse
1739 4359 1942 4449 apparebat.
2001 4357 2096 4432 Post
2116 4355 2226 4432 horas
2245 4355 2284 4425 ad

251 4461 308 4532 iu,
324 4459 530 4552 gravissime
543 4458 781 4545 afficiebatur,
805 4457 954 4553 piosque
968 4479 1148 4528 sermones
1169 4453 1239 4529 hur
1291 4451 1484 4522 minimum
1505 4469 1593 4538 tres,
1615 4480 1704 4552 quas
1716 4460 1906 4534 continuas
1918 4457 1964 4534 D.
1980 4456 2186 4554 Philippus
2207 4461 2283 4531 dor-

251 4565 309 4637 ius
332 4563 587 4636 recordabatur
609 4575 645 4634 et
664 4562 884 4646 celebrabat,
913 4582 1004 4654 quos
1026 4561 1133 4651 paulo
1157 4574 1240 4632 ante
1292 4554 1461 4642 miserat,
1481 4557 1796 4650 expergiscebatur,
1817 4563 1958 4658 sibique
1970 4565 2233 4638 suavissimum
2246 4559 2287 4631 il·

251 4681 403 4739 mortem
426 4689 468 4738 ex
488 4689 528 4736 ea
551 4665 747 4738 audiverat.
807 4659 925 4736 Unam
947 4662 1092 4757 quidem
1115 4687 1239 4734 vocem
1291 4657 1367 4730 lum
1390 4679 1555 4730 somnum
1577 4661 1686 4733 luisse
1700 4664 1745 4734 ad
1762 4689 1886 4738 omnes
1902 4667 2128 4755 testabatur,
2155 4681 2193 4740 et
2211 4683 2285 4736 sane

252 4766 335 4842 buis
354 4793 438 4863 prae
460 4767 606 4839 caeteris
631 4765 873 4860 praedicabat,
899 4767 996 4858 quod
1022 4765 1062 4834 in
1084 4778 1238 4837 extrema
1290 4754 1361 4831 hoc
1381 4759 1431 4833 ita
1452 4777 1628 4836 receatum
1655 4789 1737 4836 eum
1759 4767 1969 4860 apparebat,
2001 4783 2049 4842 ut
2075 4771 2214 4844 rectius
2237 4763 2286 4838 vel

252 4873 436 4945 debilitate
458 4870 588 4941 dixisse
610 4893 707 4955 eam,
731 4866 968 4954 meminisset,
1016 4865 1098 4939 Scio
1121 4864 1237 4940 Deum
1291 4863 1411 4935 minus
1433 4861 1557 4936 saltem
1579 4866 1672 4938 male
1694 4868 1811 4940 valere
1829 4871 2033 4954 videretur,
2061 4899 2176 4968 quam
2193 4891 2286 4966 prae·

251 4971 343 5046 mihi
362 4975 557 5046 affuturum
581 4995 673 5058 esse,
698 4995 804 5066 quam
825 4993 947 5040 vocem
971 4971 1062 5040 tanti
1077 4969 1240 5058 faciebat,
1290 4964 1499 5038 cedentibus
1512 4969 1630 5040 morbi
1644 4969 1771 5042 diebus
1787 4973 1975 5048 universis.
2031 4974 2120 5050 Sub
2143 4977 2183 5048 id
2206 4988 2289 5046 tem-

251 5091 294 5149 ut
316 5100 427 5170 saepe
444 5077 577 5148 diceret
599 5099 636 5146 se
659 5097 887 5166 peromnem
904 5073 1014 5142 vitam
1030 5066 1138 5144 huius
1162 5098 1239 5145 non
1290 5092 1358 5162 pus
1373 5093 1415 5138 rx
1428 5063 1639 5142 Academiae
1656 5083 1797 5144 nostrae
1812 5071 2010 5168 Theologis
2036 5101 2140 5150 unus
2163 5077 2290 5150 disces-

251 5181 415 5252 oblivisci
430 5201 551 5273 posse,
578 5191 612 5248 et
624 5177 781 5272 quodam
798 5189 959 5268 tempore
978 5175 1024 5246 ad
1041 5175 1240 5249 mentiones
1291 5195 1395 5242 surus
1410 5170 1448 5240 in
1462 5171 1612 5264 patriam
1627 5169 1841 5247 Chersonesi
1853 5175 2095 5278 Cymbricae,
2122 5179 2289 5262 D.‚Prae·

251 5283 500 5376 domagtis·de
521 5279 743 5354 dubitatione
767 5303 814 5348 an
835 5278 946 5349 simus
966 5278 1006 5348 in
1029 5279 1163 5369 gratia,
1194 5283 1239 5353 ad
1291 5273 1424 5368 ceptori
1438 5273 1588 5344 salutem
1604 5275 1695 5347 dixit
1712 5279 1895 5363 ultimam,
1919 5305 2030 5378 quern
2053 5277 2290 5356 honorilicea

1292 5401 1328 5447 se
1349 5375 1554 5458 dimittens,
1588 5377 1701 5450 libros
1724 5381 1758 5450 ei
1784 5383 1892 5456 dabat
1927 5397 2005 5457 tum
2032 5409 2167 5458 recens
2198 5381 2289 5478 apud

283 5510 331 5582 ts)
345 5509 429 5568 adt.
446 5507 551 5566 ambre.
1292 5503 1358 5550 nos
1373 5477 1504 5568 editos,
1528 5479 1575 5552 ad
1587 5477 1723 5572 Regem
1740 5486 1983 5578 perferendos,
2010 5500 2052 5560 et
2073 5511 2133 5578 se,
2159 5513 2242 5563 cum
2256 5483 2291 5554 in
