4686 6172
253 246 331 323 868
499 269 502 276 ’
839 241 1260 336 QUAES'l'lONES
1311 248 1712 360 acanatttcaa.
2174 271 2229 348 ιιι

261 451 339 502 carn
357 421 611 514 obligationem
632 419 849 512 intelligere,
872 435 1023 515 quarum
1045 423 1155 494 altera
1173 423 1244 493 tol·
1267 435 1271 536 1
1297 431 1470 514 Quaestio
1507 437 1704 526 mma„
1746 432 1797 506 „p
1835 431 2078 530 flagrum,
2118 443 2231 520 pm,

261 533 367 612 litur,
392 527 504 599 altera
523 537 575 594 est
596 535 750 596 aeterna.
798 523 854 594 Ac
873 524 1051 617 sapienter
1073 519 1162 596 haec
1185 549 1245 616 ga-
1268 551 1270 564 ·
1296 532 1458 625 Elaea-0,
1490 537 1647 611 nocem·
1674 537 1889 612 cum-m
1915 539 2099 626 Becker,
2125 548 2234 622 pm.

261 657 348 708 nera
362 631 571 702 discernunt
585 625 851 712 Iurisconsulti,
884 628 1083 698 naturalem
1108 627 1246 720 obliga·
1439 640 1599 731 dicensi,
1626 639 1662 713 d.
1688 636 1725 716 5.
1750 641 1946 716 Nouem.
1967 665 2010 714 u.
2036 643 2132 722 155&

262 737 419 818 tionem,
444 744 479 804 et
499 729 651 805 civilem.
701 726 829 799 Civilis
854 745 925 817 est,
951 755 1032 800 cum
1055 729 1246 822 Magistra-

263 857 321 914 tus
345 836 439 926 cogit
461 845 639 926 praestare
659 831 839 916 debiturn,
865 846 899 904 et
921 834 1025 924 punit
1044 857 1119 902 non
1143 858 1247 924 prae-

262 954 425 1013 stantem.
476 933 530 1006 De
555 929 623 1004 hac
637 935 855 1026 obligatione
880 936 1017 1030 inquit:
1047 932 1149 1006 Nihil
1171 937 1249 1008 cui-

263 1063 332 1140 qne
356 1038 532 1122 debeatis,
557 1037 686 1123 idest,
713 1051 848 1110 servate
869 1039 963 1126 leges
988 1051 1246 1126 contractuum,

263 1171 330 1218 nec
345 1143 424 1214 sitis
437 1141 544 1212 iures.
595 1135 649 1209 lta
670 1139 784 1212 sancit
798 1164 867 1210 vox
894 1140 1017 1210 divina
1041 1143 1134 1230 leges
1160 1166 1246 1211 cou-

264 1260 462 1330 tractuum,
483 1255 518 1314 et
534 1241 612 1312 vult
628 1238 853 1314 Christianos
875 1243 912 1310 in
927 1237 983 1312 his
1000 1243 1168 1313 civilibus
1191 1245 1249 1314 ol·

263 1352 354 1422 ficiis
374 1351 505 1430 iustos,
539 1357 575 1414 et
599 1369 677 1414 non
710 1369 840 1430 vanos,
874 1369 949 1414 non
983 1346 1250 1416 defraudaturos

266 1477 352 1525 esse.
411 1445 459 1520 Et
483 1471 539 1518 res
562 1448 718 1520 ostendit
752 1471 874 1516 verum
910 1471 1003 1534 esse,
1039 1451 1136 1542 quod
1162 1450 1251 1520 dicit

265 1554 489 1628 Herodotus:
517 1547 614 1622 Eum
637 1551 700 1643 qui
721 1550 784 1620 diu
810 1551 933 1635 debet,
959 1551 1070 1622 multa
1093 1552 1251 1626 mentiri.
1862 1638 1871 1655 ι
2031 1637 2040 1654 ·
2221 1633 2227 1649 Ι

264 1657 314 1732 Et
338 1667 511 1752 quantum
536 1653 830 1744 impedimentum
852 1655 898 1725 sit
921 1653 960 1722 iu
983 1654 1252 1744 gubernatione,
1404 1629 1573 1750 Pf⁰l³⁰¹¹⁰
1594 1647 1712 1704 aulem
1736 1651 1983 1756 qu³²⁵lJ⁰⁰²f⁰
2005 1637 2137 1756 djssfflm
2157 1657 2239 1706 ⁰⁰⁰⁸·

266 1763 472 1832 obaeratum
497 1777 587 1840 esse,
614 1756 770 1828 ostendit
792 1757 992 1849 exemplum
1005 1754 1144 1827 Atticae
1161 1757 1250 1827 civi·
1303 1732 1505 1852 ὀῗῖθῑξθηθῑ
1523 1837 1531 1854 ·
1550 1731 1687 1854 Utrum
1709 1731 1862 1810 P⁰Si⁰r¹
1886 1733 2074 1858 Ecclesfsst
2093 1744 2167 1855 recle
2182 1759 2239 1852 ιιι·

265 1864 370 1950 tatis,
396 1881 581 1955 quaecum
604 1859 763 1950 elegisset
777 1858 913 1930 Ducem
939 1859 1095 1951 peritum
1120 1872 1155 1930 et
1177 1860 1252 1928 vir·
1304 1842 1409 1952 ΜΨ
1432 1845 1464 1906 ⁶¹
1479 1862 1567 1957 Ῥω,
1606 1835 1715 1956 1¹0f⁰l
1734 1835 1869 1960 ''ihi'‘
1892 1829 2238 1962 ⁸“P⁶'ff⁰'⁶m‚¹}‘md⁸'

266 1979 342 2038 tute
356 1975 608 2058 praestantem,
633 1963 695 2058 qui
710 1962 854 2032 „olebat
868 1961 1025 2054 accipere
1049 1962 1252 2054 imperium,
1305 1945 1457 2008 cleonem
1470 1966 1509 2010 m
1526 1936 1682 2036 praedio
1701 1941 1901 2033 attributo,
1929 1955 1968 2016 ut
1993 1969 2067 2046 ipse
2085 1939 2150 2014 saba
2167 1963 2237 2010 asam

266 2070 350 2164 quia
372 2077 461 2137 essct
483 2066 689 2149 obaeratus,
715 2064 839 2135 civitas
862 2066 1006 2156 publice
1020 2088 1077 2134 aes
1093 2065 1252 2136 alienum
1296 2039 1468 2138 simum
1484 2037 1651 2114 habiat?
2078 2117 2081 2128 .
2229 2157 2235 2172 Ι

264 2195 331 2264 pro
347 2194 390 2242 eo
410 2168 528 2238 solvit.
579 2164 626 2238 Ut
644 2179 763 2237 autem
780 2167 920 2236 iusticia
937 2167 1052 2236 bonae
1068 2167 1253 2236 conscien·
1406 2158 1461 2230 De
1477 2158 1542 2233 bac
1559 2163 1766 2256 quaestione
1781 2189 1823 2236 eo
1839 2167 2004 2260 disputo,
2023 2165 2103 2260 quia
2117 2158 2237 2275 nonndlt

264 2260 336 2346 tiae
358 2296 421 2342 scu
444 2269 647 2340 obedientia
669 2270 708 2338 in
730 2269 899 2357 operibus
927 2292 945 2337 a
963 2266 1039 2338 Deo
1058 2269 1253 2360 praeceptis
1307 2277 1475 2334 excusant
1489 2259 1557 2336 hoc
1575 2263 1951 2362 exemploEpiscopos,
1967 2269 2149 2340 retinentes
2160 2267 2238 2334 tom

265 2372 544 2452 necessariaest‚
571 2369 863 2463 dequadicitur:
892 2367 1143 2462 lnpraeceptis
1165 2372 1254 2440 meis
1306 2365 1503 2439 nationem.
1557 2366 1618 2438 Sic
1631 2370 1741 2459 igitur
1754 2373 1882 2447 sentio.
1933 2371 2139 2463 Nonprubo
2150 2365 2275 2482 ardep,

266 2477 456 2550 ambulate.
515 2471 623 2545 Item:
658 2471 896 2554 Scortatores,
924 2473 1098 2558 adulteri,
1131 2469 1252 2544 homi·-
1306 2471 1381 2538 lum
1407 2469 1654 2540 Wiclevicum
1683 2473 1722 2542 in
1745 2471 1892 2569 Synodo
1916 2473 2106 2548 Basiliensi
2125 2489 2241 2562 propost-
2286 2479 2287 2498 ¹

265 2582 382 2663 sidae,
413 2600 489 2646 non
519 2575 754 2668 possidebunt
778 2598 927 2666 regnum
954 2573 1042 2645 Dei:
1085 2575 1146 2647 Sic
1167 2577 1253 2646 obe-
1306 2586 1399 2643 tum:
1439 2569 1492 2642 Ne
1508 2571 1717 2648 Sacerdotes
1742 2571 1899 2649 habeant
1917 2593 2034 2650 certos
2056 2576 2185 2653 reditus,
2200 2571 2240 2636 sed

265 2680 455 2755 dientiain
470 2672 763 2770 bocpraecepto,
789 2701 864 2748 non
881 2679 1017 2748 lurtum
1033 2679 1160 2764 facies,
1187 2702 1253 2748 ne-
1305 2675 1430 2745 vivant
1448 2700 1490 2746 ex
1507 2677 1728 2770 quotidianis
1749 2681 2006 2776 eleemosynis,
2029 2693 2068 2752 ιιι
2086 2671 2238 2750 Francist·

266 2783 415 2858 cessaria
434 2794 497 2854 est.
547 2778 693 2852 Etcum
718 2781 977 2872 praestitimus,
1003 2782 1101 2873 quod
1125 2781 1254 2852 debui·
1305 2779 1361 2847 ni:
1387 2776 1458 2850 Sed
1472 2779 1592 2850 iudico
1609 2781 1785 2872 sapienter
1808 2798 1844 2854 et
1863 2784 1921 2876 pie
1947 2784 2166 2858 constitutum
2186 2791 2240 2852 ιιι,

266 2911 346 2958 mus
363 2883 584 2975 obligatione
601 2883 720 2966 civili,
747 2883 816 2952 iam
834 2881 920 2954 haec
943 2883 1060 2952 civilis
1082 2885 1253 2973 obligatio
1305 2895 1347 2952 ut
1363 2881 1450 2952 certi
1464 2883 1537 2954 sint
1552 2884 1687 2954 reditus
1704 2881 1912 2971 Pastorum,
1938 2901 1974 2960 et
1990 2901 2031 2974 ut
2047 2886 2092 2956 sit
2105 2881 2173 2956 talis
2191 2897 2241 2943 1¹1⁰·

266 3001 396 3074 cessat,
420 3001 456 3058 ot
472 2985 610 3076 legibus
624 2980 719 3054 nibil
734 2985 896 3058 debetur.
944 2983 1016 3055 Sed
1034 2986 1144 3056 altera
1160 2987 1255 3056 obli·
1307 2984 1392 3068 dus,
1415 2997 1457 3054 ut
1474 3009 1539 3056 nec
1555 2985 1698 3077 inopia,
1724 3011 1788 3056 nec
1804 2989 1949 3060 divitiae
1966 2987 2154 3082 impediant
2169 2999 2243 3049 mml-

266 3092 362 3185 gatio
375 3089 550 3160 naturalis
565 3101 706 3160 aeterna
718 3101 791 3168 eat,
818 3111 887 3182 qua
901 3083 1000 3157 Deus
1018 3111 1085 3157 nos
1107 3091 1151 3158 ad
1173 3113 1254 3181 per·
1307 3086 1466 3161 sterium.
1517 3085 1691 3158 Concedit
1707 3091 1802 3160 enim
1816 3092 1922 3162 nobis
1941 3083 2242 3194 omnibusllvwsff

266 3209 409 3289 petuam
428 3191 657 3262 dilectionem
677 3191 828 3280 obligat,
853 3201 943 3283 qua'e
957 3191 1063 3261 debet
1078 3205 1255 3282 praestare
1306 3191 1397 3262 lium
1414 3185 1544 3262 habere
1560 3191 1768 3282 proprium,
1793 3207 1834 3264 ut
1848 3196 2014 3266 concedit
2031 3194 2085 3264 uti
2099 3189 2169 3262 aliis
2187 3184 2245 3300 lep·

266 3299 381 3368 multa
394 3295 530 3378 officia,
554 3293 659 3364 etiam
683 3315 758 3362 non
774 3293 893 3364 debita
911 3292 1009 3362 civili
1024 3294 1255 3384 obligatione.
1306 3293 1404 3365 timis
1419 3294 1710 3364 ordinationibus
1730 3297 1825 3368 vitae
1847 3297 2095 3370 oeconomicae
2113 3307 2143 3364 et
2158 3286 2244 3382 polffl·

265 3399 377 3471 Dives
393 3397 499 3467 debet
511 3393 647 3466 Lazaro
663 3395 834 3486 opitulari
855 3419 935 3464 curu
962 3397 1092 3486 possit,
1118 3397 1255 3467 etiamsi
1307 3401 1384 3481 cae',
1409 3410 1452 3467 ut
1467 3395 1638 3488 scriptum
1657 3410 1725 3468 cst:
1752 3397 1883 3470 Fontes
1897 3401 1949 3472 tui
1967 3400 2163 3471 deriventur
2173 3391 2246 3464 tora,

267 3501 494 3592 magistratus
510 3521 585 3568 non
598 3497 1099 3590 punitdivitemomittentem
1113 3495 1182 3568 hoc
1198 3500 1255 3570 oi·
1307 3512 1342 3569 et
1366 3511 1406 3570 tu
1418 3496 1598 3569 Dominus
1621 3523 1743 3570 eorum
1768 3517 1923 3574 maneto.
1975 3502 2017 3576 Si
2039 3501 2142 3592 igitur
2162 3503 2246 3586 pastu

267 3605 398 3678 licium.
424 3599 617 3672 Neccessat
628 3595 714 3671 hacc
724 3600 905 3690 obligatio,
916 3600 1110 3670 etiamcum
1119 3600 1254 3672 Lazaro
1307 3597 1437 3672 babeat
1458 3602 1497 3670 in
1521 3627 1585 3672 suo
1611 3603 1724 3672 lundo
1757 3604 2042 3676 iurisdictionem
2064 3599 2248 3704 superiorfflt

268 3707 367 3778 dedit
382 3703 539 3797 aliquid,
563 3705 623 3772 sed
640 3719 761 3774 manet
776 3694 911 3787 adhuc,
938 3702 1021 3793 quia
1043 3716 1095 3772 est
1117 3705 1255 3794 obliga·
1307 3728 1382 3774 non
1407 3704 1662 3797 impedientem
1684 3705 1942 3793 ministerium,
1965 3719 2084 3802 potest
2106 3725 2172 3776 eam
2189 3703 2248 3764 reb·

268 3811 340 3899 tio,
366 3831 436 3902 qua
452 3804 548 3876 Dens
564 3828 703 3896 semper
718 3805 795 3876 vult
813 3827 879 3879 noa
895 3804 965 3876 sibi
980 3805 1156 3895 obligatos
1170 3831 1255 3892 esse,
1306 3831 1411 3893 nere,
1436 3820 1478 3878 ut
1500 3807 1588 3878 alias
1609 3807 2014 3902 sundicommoditates.
2064 3807 2133 3878 Nec
2151 3803 2249 3910 putssffl

268 3913 353 4006 quia
370 3919 529 3978 creatura
544 3930 682 3998 semper
697 3903 884 3977 debetDeo
901 3906 1155 3979 obedientiam.
1182 3907 1255 3979 Nec
1307 3934 1388 3979 cum
1406 3904 1473 3979 hac
1492 3911 1665 3982 sententia
1680 3911 1833 3984 dictum:
1862 3910 1979 4003 Reges
1998 3911 2150 4004 gentium
2163 3905 2249 4012 dom}-

269 4037 352 4083 vero
371 4010 531 4082 debitum
547 4021 685 4088 tantum
703 4011 746 4079 de
764 4009 913 4098 pecunia
927 4009 1168 4098 intelligatur,
1194 4011 1255 4079 sed
1307 4025 1457 4096 uantur,
1490 4027 1696 4084 vosautem
1728 4039 1803 4085 nou
1823 4017 1884 4086 sic.
1943 4011 2037 4086 Nam
2071 4013 2130 4084 illa
2159 4017 2249 4076 cont¹⁰

268 4118 314 4186 de
333 4113 457 4184 multis
480 4095 607 4181 officiis
632 4110 730 4196 aliis,
756 4109 799 4180 de
824 4111 978 4179 candore
994 4112 1033 4179 in
1051 4113 1255 4198 iudicando,
1293 4101 1452 4206 'proprie
1473 4109 1542 4186 hoc
1567 4115 1688 4200 docet,
1717 4141 1792 4187 non
1815 4116 1985 4190 constitui
2007 4114 2149 4209 imperia
2162 4103 2250 4180 Ειιιι·

267 4222 314 4288 de
331 4215 479 4288 lenitate
500 4214 539 4282 in
562 4214 810 4298 admonendo,
836 4215 881 4282 de
902 4215 1071 4282 sanandis
1086 4215 1257 4284 offensio·
1308 4217 1413 4306 gello.

268 4321 393 4406 nibus,
419 4315 786 4388 noninllammandis.
832 4313 903 4386 Sed
920 4316 1047 4386 omitto
1064 4311 1256 4388 lianclon·
1411 4334 1520 4425 Quod
1541 4349 1660 4406 autem
1678 4331 1746 4407 hoc
1768 4338 1929 4428 exemplo
1954 4339 2102 4432 quidam
2126 4327 2253 4402 excusant

266 4424 400 4515 giorcm
417 4417 706 4511 explicationem,
732 4431 767 4490 et
788 4442 851 4487 oro
875 4416 1010 4488 Filium
1026 4415 1113 4505 Dei,
1134 4435 1175 4492 ut
1192 4443 1257 4492 nus
1309 4435 1526 4530 Episcopo„
1557 4451 1718 4510 tenente,
1741 4440 1910 4530 imperia,
1937 4465 2013 4512 Μ
2037 4450 2126 4509 mae
2148 4443 2251 4500 accon·

265 4527 457 4616 gubernet,
481 4533 516 4592 ‘i
529 4534 628 4592 ‘³¹¹⁰‘
644 4521 793 4592 vulneri
811 4533 945 4592 mim·
997 4517 1095 4596 Dffi·
1308 4541 1457 4612 modant
1474 4543 1685 4633 exemplum.
1731 4540 2007 4613 Primum.enim
2024 4535 2154 4613 etiamsi
2170 4529 2254 4600 essent

1311 4643 1382 4736 pii,
1408 4645 1499 4714 illud
1516 4667 1608 4714 onus
1625 4644 1881 4715 iurisdictionis
1903 4661 2043 4718 tantum
2062 4655 2133 4726 est,
2154 4646 2188 4704 ut
2205 4627 2254 4694 iffi·

1309 4747 1429 4839 pediat
1442 4747 1693 4819 ministerium.
1744 4741 1883 4818 Deinde
1903 4743 1972 4818 hoc
1996 4733 2253 4844 considerandum

1311 4864 1381 4930 est,
1401 4845 1598 4941 Episcopus
1617 4850 1796 4919 dominari
1816 4874 1890 4920 non
1910 4851 1950 4919 in
1967 4874 2051 4933 suo,
2076 4845 2133 4916 sed
2148 4841 2180 4908 in
2192 4831 2253 4944 ³¹¹?

278 4969 345 5044 No.
359 4965 422 5043 66.
1034 4969 1259 5041 5.N0v,1550,
1310 4977 1379 5038 no,
1404 4953 1489 5047 quia
1512 4952 1656 5044 praedia
1677 4952 1739 5022 illa
1761 4953 1868 5023 initio
1889 4949 2075 5035 Ecclesiis,
2107 4965 2173 5015 non
2189 4929 2254 5022 up·

266 5063 438 5096 *Ν
817 5079 823 5092 ·
1039 5063 1253 5104 ”N
1311 5055 1427 5148 scopis
1449 5056 1581 5124 donata
1602 5067 1705 5140 sunt,
1731 5067 1773 5126 ut
1787 5055 1873 5124 inde
1888 5057 2055 5125 docentes
2070 5064 2103 5120 et
2118 5045 2254 5118 discente

327 5183 533 5256 anuaestion
553 5179 646 5264 prta
663 5197 706 5252 sq.
743 5177 969 5249 Repetitafetiam
990 5181 1020 5234 in
1042 5179 1260 5250 Quaestiooiboa
1311 5159 1512 5241 aletenlur,
1547 5171 1581 5226 el
1603 5169 1644 5226 ui
1672 5157 1873 5251 aliquorum
1900 5157 2176 5228 calamitosorum
2198 5155 2254 5222 ‘ii'

369 5273 387 5310 ⁸
403 5255 481 5309 “⁰³⁹⁰
502 5253 581 5306 “¹¹¹''
600 5268 627 5321 Ρ·
644 5252 702 5320 ¹⁵·¹
720 5257 748 5303 ‘²
765 5247 821 5304 ⁵²¹·
842 5249 967 5306 ΠΜ·
983 5252 1068 5307 Tam.
1087 5249 1134 5305 μ’·
1153 5269 1180 5321 Ρ·
1196 5250 1259 5306 ⁹¹³·
1311 5261 1392 5330 stati
1409 5259 1664 5332 consuleretur.
1716 5257 1822 5330 Nunc
1836 5255 2005 5352 Episcopi
2020 5261 2145 5329 donata
2161 5236 2254 5318 llctlt·

1297 775 1392 861 Non
1417 805 1498 862 utar
1523 794 1653 866 usitato
1673 795 1841 877 exordio,
1865 795 1904 866 in
1929 821 1998 892 quo
2021 799 2172 870 excusatio
2190 817 2233 886 est,

1299 917 1363 962 cur
1378 895 1482 984 pueri
1498 895 1536 964 in
1552 909 1654 967 coctu
1671 899 1852 968 seniorum
1877 899 2043 976 dicamus.
2089 898 2150 972 Sed
2168 899 2232 972 mibi

1300 995 1470 1086 peculiari
1487 1001 1712 1071 excusatione
1730 1025 1820 1094 opus
1837 1013 1907 1088 est,
1932 1026 1995 1074 cur
2010 1003 2104 1076 toties
2122 999 2180 1075 huc
2196 1031 2236 1076 rs

1300 1099 1416 1175 dcam.
1474 1095 1565 1172 Eius
1590 1103 1642 1172 rei
1671 1127 1774 1174 causa
1789 1119 1850 1178 cst
1877 1103 2065 1177 multorum
2083 1107 2237 1192 morositas,

1301 1201 1365 1294 qui
1379 1203 1550 1293 gravatim
1567 1207 1824 1298 obtemperant
1876 1201 1954 1300 Ego
1979 1209 2008 1278 si
2019 1209 2168 1280 facilitate
2179 1233 2236 1300 pec·

1306 1327 1366 1389 co,
1398 1305 1541 1375 veniam
1565 1303 1654 1379 mihi
1677 1311 1770 1384 date.
1830 1308 1901 1380 Sed
1931 1324 2047 1382 tamen
2072 1312 2116 1380 sic
2142 1312 2238 1398 iudico,

1304 1405 1545 1480 obediendum
1572 1435 1645 1480 esse
1669 1413 1739 1503 piis
1763 1411 1972 1504 parentibus
1999 1429 2031 1485 et
2052 1413 2238 1508 praeceptori-

1303 1509 1370 1578 bus
1387 1511 1465 1580 sine
1481 1514 1698 1590 morositate.

371 5325 451 5386 etiam
463 5323 499 5376 Τ.
509 5319 542 5376 V.
549 5337 580 5440 p
596 5319 652 5382 15.,
672 5318 700 5372 in
716 5317 895 5373 Orationibus
911 5332 995 5392 poste.
1017 5339 1047 5392 p.
1062 5320 1102 5374 ιδ.
1121 5329 1148 5374 et
1167 5317 1195 5372 in
1207 5318 1259 5372 lti.
1331 5363 1339 5379 ,

561 5405 608 5458 .p.
622 5387 683 5444 ⁵28.
1312 5363 1395 5446 sris,
1421 5362 1518 5430 velut
1534 5383 1630 5450 reges
1645 5361 1829 5452 possident
1850 5375 2020 5456 tanquam
2041 5383 2123 5447 sua,
2147 5364 2176 5422 et
2194 5347 2253 5412 ⁵⁰³¹

368 5394 460 5453 *Μ’
472 5388 505 5451 Τ·
519 5389 546 5444 ¹¹
1311 5465 1409 5535 velut
1425 5461 1622 5557 Harpyiae,
1648 5488 1738 5558 quae
1760 5465 1917 5557 eripiunt
1939 5465 2073 5536 victum
2088 5457 2176 5538 aliis,
2196 5438 2254 5538 qui·
