4674 6162
224 307 306 379 n-
398 225 860 384 rrrsrousnnn,
900 282 1273 388 rnnrcronnu
1303 289 1380 372 ur
1413 287 1809 398 scnnronun
1858 293 1969 378 nm.
1994 295 2094 377 xiv.
2212 305 2257 378 n

225 476 376 548 colenda
390 487 459 554 est,
485 462 628 566 ἡδονήν
634 521 647 556 ,
673 461 848 542 παιδείαν
862 479 898 538 et
912 457 1116 562 κάθαρσιν.
1142 463 1220 536 Nec
1241 471 1361 541 ‘bono
1380 469 1511 564 ,animo
1537 494 1629 556 esse,
1662 485 1695 543 et
1729 470 1883 563 cogitare
1907 485 2041 565 quanto
2066 473 2147 564 plns
2171 475 2254 548 boni

226 595 279 650 est
297 579 510 658 absurdum,
536 577 630 668 qoud
649 575 869 662 voluptatem
881 569 974 640 iuter
989 569 1076 638 lines
1094 590 1220 638 recen-
1262 597 1368 666 quam
1388 574 1473 642 mali
1490 567 1617 644 habeat
1634 572 1698 644 ista
1711 587 1772 646 tua
1791 575 1925 664 privata
1944 574 2027 660 vita,
2051 576 2173 670 inqua
2192 581 2254 650 tibi

97 703 103 718 ·
226 695 291 755 set.
352 677 477 748 Voluit
500 679 593 748 enim
618 673 714 745 Deus
737 673 874 765 aliquas
897 693 971 742 esse
993 665 1159 742 honestas
1185 680 1221 739 et
1262 675 1373 746 latere
1398 699 1603 746 concessum
1628 689 1699 760 est,
1734 700 1798 745 nec
1822 671 2036 747 abstraheris
2053 679 2095 746 ad
2116 681 2254 770 publica

226 803 350 854 suaves
376 780 647 861 oblectationes,
679 778 716 844 in
739 775 870 868 quibus
891 787 1017 845 natura
1031 771 1218 860 defatigata
1265 777 1433 863 consilia,
1459 801 1549 870 quae
1569 777 1646 865 regi
1669 801 1855 870 nunquam
1881 791 1979 849 tanta
2003 801 2086 848 cura
2108 796 2169 851 arat
2190 783 2256 854 fide

226 884 434 980 acquiescat.
459 882 598 952 Deinde
612 872 911 961 caedebamur,
936 875 1032 965 quod
1049 872 1220 960 studium,
1265 891 1434 973 possunt,
1466 880 1555 974 quin
1572 879 1709 971 aliquid
1725 879 1894 965 afferant,
1919 883 2019 974 quod
2034 897 2157 952 noceat
2173 908 2256 954 con-

225 1003 268 1058 ut
291 986 440 1067 dicitur,
465 982 598 1052 abilin
625 1003 751 1054 mores.
802 976 913 1050 Fiunt
928 975 1118 1048 dulcedine
1132 972 1220 1044 Mu·
1266 981 1445 1054 scientiae.
1496 979 1559 1050 Nil
1582 981 1677 1050 enim
1699 981 1909 1070 flagitiosius
1931 998 1983 1054 est
2003 983 2181 1078 plerisque
2196 987 2255 1080 qui

228 1090 315 1158 sices
348 1087 507 1178 mitiores
540 1098 576 1154 et
608 1084 709 1175 quasi
734 1081 909 1152 dulciores
935 1077 1005 1171 ipsi
1030 1073 1219 1148 hominum
1267 1087 1504 1174 corrumpunt
1531 1083 1684 1156 aliorum
1707 1107 1792 1154 ,am
1815 1084 1974 1158 consina·
2033 1083 2154 1174 Quare
2177 1097 2255 1157 cnm

227 1190 350 1274 animi,
370 1201 411 1258 ut
423 1179 595 1284 Orpheus
612 1185 743 1254 dicitur
758 1183 850 1252 feras
863 1181 1050 1276 sylvasque
1062 1179 1218 1252 traxisse.
1267 1185 1493 1256 incommoda
1510 1200 1689 1276 supputes,
1710 1181 1777 1255 hoc
1795 1187 2021 1256 commodum
2037 1211 2258 1280 opponamus

225 1290 465 1364 Detestandus
485 1302 537 1359 est
561 1287 670 1378 igitur
692 1286 866 1356 barbarus
886 1283 949 1353 ille
964 1281 1027 1377 qui
1046 1281 1156 1365 dixit,
1181 1301 1218 1349 se
1267 1288 1436 1358 omnibus
1456 1287 1744 1373 difficultatibus,
1778 1289 1875 1380 quod
1901 1303 2074 1382 quantum
2099 1290 2163 1374 sit,
2196 1315 2257 1382 ego

226 1389 452 1466 hinnientenr
469 1413 599 1484 equum
614 1389 738 1458 audire
752 1386 877 1471 malle,
902 1409 1010 1478 quam
1024 1382 1217 1453 cantilenas
1268 1389 1339 1458 iam
1360 1411 1426 1459 usu
1449 1389 1583 1480 peritus
1606 1391 1738 1480 possim
1760 1390 1896 1475 dicere,
1928 1392 1956 1459 si
1981 1391 2068 1484 quid
2096 1393 2258 1464 dubitare

226 1519 363 1568 summa
380 1507 454 1564 arte
468 1506 503 1562 et
519 1492 691 1562 suavitate
708 1490 827 1582 factas.
860 1479 1217 1578 Koidopntrvoeavit
1268 1504 1303 1563 te
1335 1491 1582 1563 existimarem,
1647 1489 1788 1561 Amabo
1822 1505 1875 1576 η,
1913 1492 1964 1562 mi
1988 1485 2249 1565 Banolomw

225 1595 436 1671 Aristoteles
465 1595 583 1684 magni
608 1591 745 1662 doloris
764 1605 824 1683 aut
849 1589 1003 1660 aliorum
1026 1585 1216 1656 affectuum
1268 1617 1425 1686 orespro
1440 1592 1585 1684 publico
1600 1605 1710 1678 statu,
1736 1616 1864 1688 meque
1877 1617 1983 1667 ames.
2035 1551 2260 1674 Benevale.’

223 1700 332 1772 nimis
348 1693 611 1767 vehementium
629 1692 896 1782 mitigationem.
946 1686 1099 1760 Erudite
1120 1680 1217 1771 baec,

225 1817 268 1875 ut
289 1825 309 1872 a
333 1800 409 1870 viro
430 1799 653 1878 doctissimo,
679 1794 869 1866 distributa
888 1805 991 1877 snnt3
1024 1791 1087 1860 sed
1106 1789 1218 1858 adda-
1871 1833 2259 1852 ..m-

226 1928 307 1975 mus
328 1925 394 1973 nos
414 1895 510 1971 hunc
527 1901 661 1980 linem,¹
687 1910 726 1968 ut
743 1907 849 1966 cantu
865 1886 1120 1986 comprehensa
1134 1913 1217 1959 vera

225 2011 271 2078 de
287 2003 365 2076 Deo
381 2003 542 2074 doctrina
559 2013 789 2094 propagetur,
814 2009 1059 2079 conservetur,
1084 2006 1120 2064 et
1141 2015 1219 2060 ma·
1280 1987 1348 2064 No.
1362 1989 1475 2064 7035.
1595 1977 1599 1980 ’

225 2111 302 2180 iore
316 2119 416 2176 motu
433 2105 472 2173 in
487 2104 624 2173 animos
639 2099 859 2170 aradientium
875 2098 1054 2170 illabatur.
1078 2091 1218 2166 Deinde
1278 2086 1491 2126 Μ

227 2237 270 2282 ex
291 2209 376 2300 ipsis
398 2207 557 2278 numeris
578 2220 613 2274 et
633 2198 831 2272 harmoniis
852 2199 1063 2288 cogitemus,
1100 2191 1217 2265 Deum

226 2335 344 2384 amore
364 2309 529 2380 ordinem
550 2320 585 2376 et
605 2303 874 2396 congruentiam
896 2301 935 2370 in
962 2297 1061 2370 omni
1090 2296 1219 2368 officio·

223 2412 450 2487 Delectemur
470 2409 574 2479 etiarn
599 2409 672 2499 ipsa
696 2405 885 2489 suavitate,
915 2427 996 2472 cum
1011 2399 1109 2472 Deus
1133 2398 1219 2468 velit

228 2515 329 2612 quasi
351 2509 418 2584 bac
437 2509 613 2582 ambrosia
632 2507 777 2578 deliniri
797 2506 946 2578 animos.
999 2501 1119 2574 Tuum
1134 2525 1219 2570 veru
1270 2501 1593 2581 amandino
1618 2503 1890 2583 Sodomae„
1917 2507 2067 2584 docenti
2095 2511 2266 2614 Evangg.

227 2617 405 2698 studium,
441 2617 557 2696 1⁰⁸²&
595 2633 808 2701 ¹⁰³811⁰P⁰r0
839 2607 974 2701 probo.
1011 2603 1218 2697 Ρῑᾶθῦθῐῐὶῑῐὶ
1271 2607 1364 2681 lium
1398 2605 1480 2680 Der·
1516 2610 1558 2682 in
1590 2605 1741 2683 Salinis
1775 2609 1995 2698 SaxoniciS,
2038 2619 2169 2692 antico
2204 2643 2267 2691 sun

227 2720 325 2814 quod
357 2715 525 2786 musicam
554 2716 597 2783 ad
626 2712 808 2784 doctrinae
832 2711 971 2780 colestia
993 2705 1219 2800 propagatio·
1699 2715 1830 2793 carisa.

226 2845 310 2894 nem
327 2819 586 2900 accommodam
613 2818 708 2910 quod
727 2813 789 2906 qui
801 2814 950 2895 iaciunt,
975 2811 1066 2880 bene
1080 2830 1220 2876 mereu-

227 2937 288 2994 tur
304 2923 348 2992 de
362 2916 517 2990 Ecclesia
533 2915 622 3007 Dei,
649 2918 746 3011 quud
763 2917 870 2984 decus
883 2911 1036 2982 maxime
1051 2923 1220 3001 appeten-

228 3027 315 3096 dum
333 3036 384 3092 est
402 3022 505 3092 bouis
523 3019 620 3091 viris.
674 3015 771 3090 Bene
789 3015 877 3086 vale.
924 3011 1000 3088 Cal.
1016 3011 1117 3085 Maii.

2009 2051 2012 2062 ,
2101 2012 2161 2074 11.
2183 2002 2248 2068 On.

2091 2095 2255 2126 Μ

1412 2188 1415 2194 ’
1533 2195 1706 2285 Bened.
1729 2197 1997 2288 sesumam.

1337 2351 1376 2408 lla
1390 2349 1550 2427 apographa
1563 2354 1627 2410 cod.
1640 2349 1746 2426 baran,
1758 2373 1786 2428 p.
1797 2355 1861 2412 679.
1874 2376 1950 2414 uuus
1965 2357 2096 2432 pri-usn
2111 2357 2188 2416 edita.

1271 2847 1320 2938 S·
1346 2861 1391 2934 D.
1442 2863 1597 2938 Partitus
1619 2892 1698 2939 sum
1720 2891 1830 2939 onera
1851 2869 2100 2946 iuvandarum
2119 2879 2267 2952 duorum

1272 2967 1436 3054 exulum,
1467 2969 1531 3064 qui
1551 2994 1591 3040 ex
1607 2969 1739 3042 Salinis
1761 2974 1805 3040 ad
1829 2997 1895 3042 nos
1912 2991 2099 3052 venerant.
2152 2981 2265 3054 Alteri

1149 3135 1153 3146 ,
1272 3071 1367 3140 enim
1400 3069 1473 3161 ipse
1498 3071 1641 3143 interim
1665 3073 1784 3144 cibum
1806 3075 1907 3156 dedi,
1946 3073 2116 3173 (uxorem
2144 3084 2213 3154 sibi
2238 3087 2266 3156 is

1272 3171 1446 3267 quaesivit
1463 3197 1528 3244 suo
1544 3171 1724 3272 consilio).
1756 3173 1921 3247 Alterum
1937 3182 1981 3248 ad
1999 3192 2034 3250 te
2051 3185 2147 3272 misi,
2173 3190 2265 3282 quod

1272 3299 1349 3346 non
1372 3297 1468 3344 eram
1488 3276 1663 3361 facturus,
1698 3275 1728 3346 si
1752 3277 1911 3364 scissem,
1944 3282 2011 3350 tibi
2044 3285 2126 3356 sore
2157 3291 2266 3365 oneri.

1274 3375 1344 3448 Sed
1360 3375 1408 3486 ita
1426 3390 1488 3450 est.
1539 3373 1658 3448 Etiam
1676 3385 1750 3448 nbn
1766 3379 1908 3451 alebant
1923 3384 2108 3480 principes
2130 3387 2267 3463 Israeli-

1260 3478 1336 3550 *rici
1357 3492 1418 3547 aut
1434 3476 1596 3565 Sidonii,
1623 3481 1685 3550 sed
1706 3481 1840 3552 miselle
1868 3484 1976 3554 vidua
2000 3487 2040 3556 in
2060 3481 2268 3566 suburbano

1195 3585 1198 3594 ’
1274 3580 1396 3673 aliquo
1409 3577 1654 3654 Sidoniorum.
1705 3580 1812 3653 Tales
1831 3585 1909 3655 fere'
1925 3601 2009 3659 sunt
2024 3592 2270 3691 eleemosynae

1274 3678 1464 3757 Ecclesiae.
1491 3683 1495 3690 ’
1513 3680 1587 3753 Nec
1602 3680 1732 3755 Lasaro
1747 3685 1846 3756 dives
1859 3689 1998 3760 vicinus
2012 3695 2271 3787 opitulabatur,

508 3633 671 3720 Barea.
701 3631 949 3719 Sabellam.

176 3821 179 3826 .
298 3815 382 3887 aput.
400 3811 450 3868 pp„
464 3810 496 3866 lt.
515 3829 542 3882 p,
554 3808 614 3864 crs.
632 3807 687 3877 (ed.
704 3805 792 3863 Lena.
811 3805 858 3863 lib.
872 3803 905 3861 ΙΙ.
923 3820 967 3877 ep.
981 3803 1062 3878 sot).
1275 3784 1336 3853 sed
1353 3783 1443 3876 stipe
1457 3808 1477 3854 a
1494 3785 1709 3877 pauperibus
1724 3789 1850 3860 collata
1864 3791 1990 3861 misere
2006 3794 2218 3887 iurabatur,
2242 3817 2275 3874 et

1276 3888 1467 4005 curabatur
1485 3912 1504 3960 a
1524 3889 1685 4007 canibus.
1743 3887 1841 4009 Scias
1863 3908 1998 3975 autem,
2034 3922 2096 3970 me
2122 3908 2273 3992 probare

1276 4011 1458 4078 mgemum
1481 4003 1534 4060 tur
1555 4003 1798 4078 conterraner,
1822 4007 1857 4064 et
1871 4019 1976 4087 quam
1994 3999 2160 4089 primum
2178 4022 2277 4098 pote·

385 3979 441 4059 D.
462 3977 798 4054 Bartolomaeo
824 3971 1075 4053 Schelleru

234 4127 284 4216 S.
308 4137 354 4213 D.
412 4137 604 4230 Nunquam
633 4111 794 4204 dubitavi
821 4134 865 4203 de
892 4094 952 4206 tua
979 4109 1162 4204 voluntate
1188 4117 1247 4206 ac¹
1275 4089 1388 4209 ΨΜ*
1405 4093 1688 4184 ‘ump‘aefioe'e
1708 4093 1814 4165 alicui
1831 4091 2030 4186 E⁰⁰¹⁰³5³⁰2
2059 4097 2276 4180 habebimus

235 4241 452 4334 gratitudine
486 4261 566 4329 erga
602 4261 674 4321 me,
714 4229 977 4306 Bartotomaee
1010 4237 1227 4309 suavissime.
1276 4193 1554 4268 ‘'manwen'‘
1590 4190 2277 4286 Deus,parerliberatorieno,.,i1.,u

234 4341 320 4416 Fuit
336 4359 453 4414 tamen
468 4337 556 4410 mibi
572 4337 768 4430 gratissima
785 4337 845 4406 illa
863 4351 923 4410 tua
939 4339 1228 4410 commemoratio

148 3395 151 3402 ’
229 3431 298 3506 no.
315 3431 426 3504 rosa.

237 3527 407 3558 w

1274 4287 1426 4387 Cbr.*),
1460 4309 1499 4366 ut
1516 4291 1690 4366 Ecclesiae
1714 4312 1853 4370 nostras
1873 4315 1989 4392 regat,
2016 4320 2053 4378 et
2069 4309 2199 4383 fideles
2213 4337 2278 4405 gu-

235 4445 427 4538 perscripta
450 4443 489 4510 in
514 4441 638 4514 literis.
694 4433 795 4510 Nihil
819 4440 915 4510 euim
938 4435 994 4510 his
1021 4441 1229 4512 miserrimis

235 4546 457 4637 temporibus
483 4557 587 4636 atque
618 4541 936 4612 aerumnosissimis
959 4535 1074 4612 habeo
1098 4543 1228 4625 solatii,

237 4665 379 4744 praeter
392 4645 445 4720 tui
462 4644 653 4728 similium,
679 4638 747 4713 hoc
766 4657 836 4728 est,
868 4643 1046 4713 bonorum
1068 4669 1230 4738 quorun.

239 4754 320 4822 dam
344 4750 503 4820 uirorum
528 4745 663 4832 officia,
687 4769 779 4838 quae
800 4767 919 4816 meum
943 4735 1228 4836 inexplicabilem

239 4853 399 4926 dolorem
420 4851 540 4944 aliqua
567 4873 608 4918 ex
632 4860 732 4939 parte
751 4847 872 4917 levant
894 4870 934 4917 ac
949 4847 1098 4919 leniunt.
1150 4843 1230 4920 Etsi

239 4971 279 5028 tu
294 4954 438 5049 quidem
453 4951 623 5022 beneficia
640 4973 719 5020 mea
734 4949 913 5040 praedicas
929 4949 1095 5020 laudibus
1109 4949 1231 5020 omni-

138 5086 147 5096 *
240 5082 288 5130 no
303 5055 510 5134 maioribus,
536 5075 642 5147 quam
656 5052 900 5138 merebantur3
926 5046 1021 5120 nibil
1031 5051 1128 5121 enim
1142 5075 1231 5122 con-

221 5159 306 5242 ,tnli
322 5157 386 5228 tibi
401 5169 537 5247 praeter
551 5153 709 5242 vulgaria
721 5151 852 5222 officia:
879 5153 1029 5225 delectat
1042 5177 1098 5222 me
1112 5165 1231 5224 tamen

242 5261 382 5332 animus
398 5273 480 5330 tuus
494 5269 564 5326 lam
580 5255 752 5326 candidus
769 5267 803 5324 et
817 5253 987 5328 liberalis.
1036 5251 1090 5326 De
1105 5277 1232 5346 genere

241 5363 333 5432 vitae
350 5361 388 5430 in
403 5383 475 5454 quo
489 5357 658 5440 versaris,
681 5355 820 5428 etiamsi
836 5380 923 5450 quas
937 5350 1046 5426 habes
1060 5355 1232 5452 dpmesti·

242 5487 298 5536 eas
324 5463 361 5530 in
385 5486 422 5532 re
448 5459 613 5534 familiari
638 5459 878 5530 difficultates:
919 5471 1037 5530 tamen
1064 5457 1172 5530 velim
1197 5471 1231 5530 te

1275 4397 1481 4467 bernatores
1502 4421 1541 4468 ac
1554 4395 1726 4470 Ductores
1746 4417 1883 4488 servet,
1914 4429 1986 4500 quo
2010 4409 2053 4478 in
2072 4435 2232 4486 numero
2248 4431 2280 4488 te

1276 4522 1419 4592 quoque
1438 4522 1613 4572 recenseo.
1648 4496 1820 4576 Ascendit
1835 4500 2018 4590 Christus,
2041 4525 2087 4583 ut
2106 4517 2172 4588 det
2187 4519 2281 4592 dona

1276 4594 1499 4686 hominibus,
1529 4601 1692 4674 videlicet
1715 4603 1794 4698 pios
1817 4609 1991 4686 doctores.
2045 4609 2131 4688 Hos
2150 4633 2192 4691 ut
2209 4623 2283 4712 ipse

1275 4716 1417 4775 tucatur
1433 4716 1507 4774 toto
1523 4717 1664 4796 pectore
1679 4699 1780 4798 opto.¹
1810 4705 1907 4782 Bene
1922 4713 2013 4800 vale,
2045 4719 2113 4792 11.
2130 4715 2284 4796 Octobr.

1277 4801 1436 4877 Salutem
1453 4818 1537 4897 opto
1550 4803 1596 4882 D.
1608 4802 1788 4885 Emm'eo.

2095 4917 2168 4998 Ph.
2185 4923 2241 5004 M.

1286 5041 1494 5059 *φ*

1310 5131 1341 5204 Φ)
1360 5129 1501 5188 omissum
1515 5137 1556 5186 est
1568 5127 1614 5188 bie
1625 5129 1745 5204 aliquid.

1276 5445 1283 5458 ὓ
